<?xml version="1.0" encoding="UTF-8"?>
<!DOCTYPE html PUBLIC "-//W3C//DTD XHTML 1.0 Transitional//EN"
    "http://www.w3.org/TR/xhtml1/DTD/xhtml1-transitional.dtd">
<html xmlns="http://www.w3.org/1999/xhtml" xml:lang="en" lang="en">
 <head>
  <title>
</title>
<meta http-equiv="Content-Type" content="text/html;charset=utf-8" />
  <meta name='ocr-system' content='tesseract 3.04.00' />
  <meta name='ocr-capabilities' content='ocr_page ocr_carea ocr_par ocr_line ocrx_word'/>
</head>
<body>
  <div class='ocr_page' id='page_1' title='image "./deterentianimaur00riesuoft_0054.png"; bbox 0 0 1936 3366; ppageno 0'>
   <div class='ocr_carea' id='block_1_1' title="bbox 878 279 1176 322">
    <p class='ocr_par' dir='ltr' id='par_1_1' title="bbox 878 279 1176 322">
     <span class='ocr_line' id='line_1_1' title="bbox 878 279 1176 322; baseline -0.003 -11"><span class='ocrx_word' id='word_1_1' title='bbox 878 279 1176 322; x_wconf 66' lang='lat'>-52-</span> 
     </span>
    </p>
   </div>
   <div class='ocr_carea' id='block_1_2' title="bbox 204 394 1853 672">
    <p class='ocr_par' dir='ltr' id='par_1_2' title="bbox 204 394 1853 672">
     <span class='ocr_line' id='line_1_2' title="bbox 207 394 1852 454; baseline -0.003 -10"><span class='ocrx_word' id='word_1_2' title='bbox 207 399 294 444; x_wconf 86' lang='lat' dir='ltr'>Sed</span> <span class='ocrx_word' id='word_1_3' title='bbox 335 413 435 443; x_wconf 90' lang='lat' dir='ltr'>cum</span> <span class='ocrx_word' id='word_1_4' title='bbox 477 400 744 454; x_wconf 89' lang='lat' dir='ltr'>argumenta</span> <span class='ocrx_word' id='word_1_5' title='bbox 786 398 844 441; x_wconf 93' lang='lat' dir='ltr'>ad</span> <span class='ocrx_word' id='word_1_6' title='bbox 885 399 1086 441; x_wconf 87' lang='lat' dir='ltr'>aetatem</span> <span class='ocrx_word' id='word_1_7' title='bbox 1126 397 1261 440; x_wconf 90' lang='lat' dir='ltr'>huius</span> <span class='ocrx_word' id='word_1_8' title='bbox 1302 396 1510 440; x_wconf 84' lang='lat' dir='ltr'>carminis</span> <span class='ocrx_word' id='word_1_9' title='bbox 1551 394 1852 440; x_wconf 86' lang='lat' dir='ltr'>definiendam</span> 
     </span>
     <span class='ocr_line' id='line_1_3' title="bbox 204 466 1853 526; baseline -0.002 -12"><span class='ocrx_word' id='word_1_10' title='bbox 204 471 385 515; x_wconf 81' lang='lat' dir='ltr'>infirma</span> <span class='ocrx_word' id='word_1_11' title='bbox 426 471 529 526; x_wconf 90' lang='lat' dir='ltr'>sint,</span> <span class='ocrx_word' id='word_1_12' title='bbox 573 471 762 514; x_wconf 74' lang='lat' dir='ltr'>fortasse</span> <span class='ocrx_word' id='word_1_13' title='bbox 804 469 917 514; x_wconf 89' lang='lat' dir='ltr'>haec</span> <span class='ocrx_word' id='word_1_14' title='bbox 959 468 1012 512; x_wconf 94' lang='lat' dir='ltr'>de</span> <span class='ocrx_word' id='word_1_15' title='bbox 1055 483 1145 526; x_wconf 89' lang='lat' dir='ltr'>qua</span> <span class='ocrx_word' id='word_1_16' title='bbox 1187 468 1362 524; x_wconf 84' lang='lat' dir='ltr'>agimus</span> <span class='ocrx_word' id='word_1_17' title='bbox 1407 481 1621 512; x_wconf 84' lang='lat' dir='ltr'>mensura</span> <span class='ocrx_word' id='word_1_18' title='bbox 1665 466 1853 511; x_wconf 89' lang='lat' dir='ltr'>alicuius</span> 
     </span>
     <span class='ocr_line' id='line_1_4' title="bbox 206 537 1852 599; baseline -0.003 -12"><span class='ocrx_word' id='word_1_19' title='bbox 206 542 421 587; x_wconf 81' lang='lat' dir='ltr'><strong>momenti</strong></span> <span class='ocrx_word' id='word_1_20' title='bbox 452 544 534 597; x_wconf 91' lang='lat' dir='ltr'>est,</span> <span class='ocrx_word' id='word_1_21' title='bbox 577 556 693 599; x_wconf 93' lang='lat' dir='ltr'>quae</span> <span class='ocrx_word' id='word_1_22' title='bbox 726 540 1001 585; x_wconf 80' lang='lat' dir='ltr'>sententiam</span> <span class='ocrx_word' id='word_1_23' title='bbox 1034 554 1199 595; x_wconf 90' lang='lat' dir='ltr'>eorum,</span> <span class='ocrx_word' id='word_1_24' title='bbox 1243 540 1318 597; x_wconf 92' lang='lat' dir='ltr'>qui</span> <span class='ocrx_word' id='word_1_25' title='bbox 1348 539 1434 583; x_wconf 90' lang='lat' dir='ltr'>hoc</span> <span class='ocrx_word' id='word_1_26' title='bbox 1465 553 1643 584; x_wconf 89' lang='lat' dir='ltr'>carmen</span> <span class='ocrx_word' id='word_1_27' title='bbox 1673 537 1852 583; x_wconf 90' lang='lat' dir='ltr'>saeculo</span> 
     </span>
     <span class='ocr_line' id='line_1_5' title="bbox 206 612 1193 672; baseline 0.001 -14"><span class='ocrx_word' id='word_1_28' title='bbox 206 630 246 672; x_wconf 88' lang='lat' dir='ltr'>p.</span> <span class='ocrx_word' id='word_1_29' title='bbox 269 614 364 659; x_wconf 82' lang='lat' dir='ltr'>chr.</span> <span class='ocrx_word' id='word_1_30' title='bbox 387 629 428 658; x_wconf 92' lang='lat' dir='ltr'>n.</span> <span class='ocrx_word' id='word_1_31' title='bbox 451 615 610 671; x_wconf 90' lang='lat' dir='ltr'>quarto</span> <span class='ocrx_word' id='word_1_32' title='bbox 643 613 914 670; x_wconf 87' lang='lat' dir='ltr'>attribuunt,</span> <span class='ocrx_word' id='word_1_33' title='bbox 948 612 1193 659; x_wconf 81' lang='lat' dir='ltr'>confirmet.</span> 
     </span>
    </p>
   </div>
   <div class='ocr_carea' id='block_1_3' title="bbox 206 752 1856 1244">
    <p class='ocr_par' dir='ltr' id='par_1_3' title="bbox 206 752 1856 1032">
     <span class='ocr_line' id='line_1_6' title="bbox 325 752 1854 814; baseline -0.003 -13"><span class='ocrx_word' id='word_1_34' title='bbox 325 759 424 802; x_wconf 89' lang='lat' dir='ltr'>Iam</span> <span class='ocrx_word' id='word_1_35' title='bbox 445 771 550 801; x_wconf 90' lang='lat' dir='ltr'>vero</span> <span class='ocrx_word' id='word_1_36' title='bbox 573 755 632 800; x_wconf 90' lang='lat' dir='ltr'>ad</span> <span class='ocrx_word' id='word_1_37' title='bbox 652 755 916 814; x_wconf 80' lang='lat' dir='ltr'>particulam</span> <span class='ocrx_word' id='word_1_38' title='bbox 938 758 1077 810; x_wconf 69' lang='lat' dir='ltr'>Quia</span> <span class='ocrx_word' id='word_1_39' title='bbox 1098 770 1180 799; x_wconf 89' lang='lat' dir='ltr'>nos</span> <span class='ocrx_word' id='word_1_40' title='bbox 1203 756 1532 809; x_wconf 80' lang='lat' dir='ltr'>convertamus,</span> <span class='ocrx_word' id='word_1_41' title='bbox 1565 767 1680 812; x_wconf 90' lang='lat' dir='ltr'>quae</span> <span class='ocrx_word' id='word_1_42' title='bbox 1701 752 1854 798; x_wconf 86' lang='lat' dir='ltr'>multis</span> 
     </span>
     <span class='ocr_line' id='line_1_7' title="bbox 206 823 1856 883; baseline -0.003 -10"><span class='ocrx_word' id='word_1_43' title='bbox 206 830 315 874; x_wconf 90' lang='lat' dir='ltr'>locis</span> <span class='ocrx_word' id='word_1_44' title='bbox 356 829 404 872; x_wconf 93' lang='lat' dir='ltr'>in</span> <span class='ocrx_word' id='word_1_45' title='bbox 435 829 692 872; x_wconf 91' lang='lat' dir='ltr'>Terentiani</span> <span class='ocrx_word' id='word_1_46' title='bbox 722 827 845 872; x_wconf 88' lang='lat' dir='ltr'>libris</span> <span class='ocrx_word' id='word_1_47' title='bbox 875 827 1114 871; x_wconf 89' lang='lat' dir='ltr'>invenitur.</span> <span class='ocrx_word' id='word_1_48' title='bbox 1177 826 1264 872; x_wconf 85' lang='lat' dir='ltr'>Sed</span> <span class='ocrx_word' id='word_1_49' title='bbox 1295 839 1469 883; x_wconf 88' lang='lat' dir='ltr'>semper</span> <span class='ocrx_word' id='word_1_50' title='bbox 1499 829 1599 878; x_wconf 78' lang='lat' dir='ltr'>quia,</span> <span class='ocrx_word' id='word_1_51' title='bbox 1630 825 1719 869; x_wconf 90' lang='lat' dir='ltr'>nisi</span> <span class='ocrx_word' id='word_1_52' title='bbox 1749 823 1856 882; x_wconf 91' lang='lat' dir='ltr'>quid</span> 
     </span>
     <span class='ocr_line' id='line_1_8' title="bbox 207 897 1855 958; baseline -0.003 -13"><span class='ocrx_word' id='word_1_53' title='bbox 207 916 278 946; x_wconf 92' lang='lat' dir='ltr'>me</span> <span class='ocrx_word' id='word_1_54' title='bbox 299 900 427 957; x_wconf 82' lang='lat' dir='ltr'>fugit,</span> <span class='ocrx_word' id='word_1_55' title='bbox 459 899 579 958; x_wconf 90' lang='lat' dir='ltr'>apud</span> <span class='ocrx_word' id='word_1_56' title='bbox 611 914 713 944; x_wconf 91' lang='lat' dir='ltr'>eum</span> <span class='ocrx_word' id='word_1_57' title='bbox 744 914 822 958; x_wconf 87' lang='lat' dir='ltr'>pro</span> <span class='ocrx_word' id='word_1_58' title='bbox 854 914 948 943; x_wconf 91' lang='lat' dir='ltr'>una</span> <span class='ocrx_word' id='word_1_59' title='bbox 979 898 1155 958; x_wconf 87' lang='lat' dir='ltr'>syllaba</span> <span class='ocrx_word' id='word_1_60' title='bbox 1186 897 1490 956; x_wconf 90' lang='lat' dir='ltr'>accipiendum</span> <span class='ocrx_word' id='word_1_61' title='bbox 1523 900 1593 941; x_wconf 91' lang='lat' dir='ltr'>est</span> <span class='ocrx_word' id='word_1_62' title='bbox 1623 899 1669 940; x_wconf 91' lang='lat' dir='ltr'>et</span> <span class='ocrx_word' id='word_1_63' title='bbox 1699 910 1855 941; x_wconf 93' lang='lat' dir='ltr'>mono-</span> 
     </span>
     <span class='ocr_line' id='line_1_9' title="bbox 212 969 1596 1032; baseline -0.004 -15"><span class='ocrx_word' id='word_1_64' title='bbox 212 973 373 1032; x_wconf 91' lang='lat' dir='ltr'>syllabi</span> <span class='ocrx_word' id='word_1_65' title='bbox 406 971 610 1030; x_wconf 88' lang='lat' dir='ltr'>producti</span> <span class='ocrx_word' id='word_1_66' title='bbox 639 971 852 1029; x_wconf 88' lang='lat' dir='ltr'>temporis</span> <span class='ocrx_word' id='word_1_67' title='bbox 885 971 980 1015; x_wconf 93' lang='lat' dir='ltr'>loco</span> <span class='ocrx_word' id='word_1_68' title='bbox 1011 971 1214 1026; x_wconf 83' lang='lat' dir='ltr'>fungitur</span> <span class='ocrx_word' id='word_1_69' title='bbox 1227 972 1255 1025; x_wconf 88' lang='lat'>¹)</span> <span class='ocrx_word' id='word_1_70' title='bbox 1289 969 1417 1014; x_wconf 87' lang='lat' dir='ltr'>velut</span> <span class='ocrx_word' id='word_1_71' title='bbox 1445 970 1493 1013; x_wconf 88' lang='lat' dir='ltr'>in</span> <span class='ocrx_word' id='word_1_72' title='bbox 1524 983 1596 1013; x_wconf 90' lang='lat' dir='ltr'>vv.</span> 
     </span>
    </p>

    <p class='ocr_par' dir='ltr' id='par_1_4' title="bbox 411 1041 1683 1244">
     <span class='ocr_line' id='line_1_10' title="bbox 440 1041 1148 1101; baseline -0.004 -13"><span class='ocrx_word' id='word_1_73' title='bbox 440 1044 496 1088; x_wconf 84' lang='lat'>52</span> <span class='ocrx_word' id='word_1_74' title='bbox 529 1044 635 1101; x_wconf 90' lang='lat' dir='ltr'>quia</span> <span class='ocrx_word' id='word_1_75' title='bbox 664 1044 756 1087; x_wconf 90' lang='lat' dir='ltr'>iam</span> <span class='ocrx_word' id='word_1_76' title='bbox 788 1042 930 1087; x_wconf 90' lang='lat' dir='ltr'>dicere</span> <span class='ocrx_word' id='word_1_77' title='bbox 963 1041 1148 1098; x_wconf 83' lang='lat' dir='ltr'>grandia</span> 
     </span>
     <span class='ocr_line' id='line_1_11' title="bbox 411 1111 1683 1173; baseline -0.003 -14"><span class='ocrx_word' id='word_1_78' title='bbox 411 1116 498 1164; x_wconf 85' lang='lat'>206</span> <span class='ocrx_word' id='word_1_79' title='bbox 530 1115 637 1172; x_wconf 87' lang='lat' dir='ltr'>quia</span> <span class='ocrx_word' id='word_1_80' title='bbox 668 1116 744 1173; x_wconf 92' lang='lat' dir='ltr'>qui</span> <span class='ocrx_word' id='word_1_81' title='bbox 773 1114 899 1158; x_wconf 93' lang='lat' dir='ltr'>locus</span> <span class='ocrx_word' id='word_1_82' title='bbox 932 1116 1015 1170; x_wconf 90' lang='lat' dir='ltr'>est,</span> <span class='ocrx_word' id='word_1_83' title='bbox 1048 1113 1253 1171; x_wconf 89' lang='lat' dir='ltr'>primitus</span> <span class='ocrx_word' id='word_1_84' title='bbox 1284 1111 1403 1156; x_wconf 89' lang='lat' dir='ltr'>unde</span> <span class='ocrx_word' id='word_1_85' title='bbox 1435 1112 1630 1157; x_wconf 85' lang='lat' dir='ltr'>exoritur</span> <span class='ocrx_word' id='word_1_86' title='bbox 1651 1111 1683 1155; x_wconf 89' lang='lat' dir='ltr'>C</span> 
     </span>
     <span class='ocr_line' id='line_1_12' title="bbox 411 1185 1616 1244; baseline -0.003 -13"><span class='ocrx_word' id='word_1_87' title='bbox 411 1188 498 1231; x_wconf 83' lang='lat'>215</span> <span class='ocrx_word' id='word_1_88' title='bbox 530 1187 636 1244; x_wconf 91' lang='lat' dir='ltr'>quia</span> <span class='ocrx_word' id='word_1_89' title='bbox 666 1201 757 1230; x_wconf 92' lang='lat' dir='ltr'>non</span> <span class='ocrx_word' id='word_1_90' title='bbox 790 1186 927 1230; x_wconf 90' lang='lat' dir='ltr'>adicit</span> <span class='ocrx_word' id='word_1_91' title='bbox 956 1185 1167 1229; x_wconf 90' lang='lat' dir='ltr'>litterulis</span> <span class='ocrx_word' id='word_1_92' title='bbox 1197 1198 1367 1228; x_wconf 90' lang='lat' dir='ltr'>novum</span> <span class='ocrx_word' id='word_1_93' title='bbox 1398 1197 1616 1228; x_wconf 91' lang='lat' dir='ltr'>sonorem.</span> 
     </span>
    </p>
   </div>
   <div class='ocr_carea' id='block_1_4' title="bbox 206 1266 1857 1672">
    <p class='ocr_par' dir='ltr' id='par_1_5' title="bbox 206 1266 1857 1672">
     <span class='ocr_line' id='line_1_13' title="bbox 206 1266 1854 1328; baseline -0.004 -12"><span class='ocrx_word' id='word_1_94' title='bbox 206 1271 378 1316; x_wconf 87' lang='lat' dir='ltr'>Eadem</span> <span class='ocrx_word' id='word_1_95' title='bbox 402 1285 614 1315; x_wconf 90' lang='lat' dir='ltr'>mensura</span> <span class='ocrx_word' id='word_1_96' title='bbox 636 1269 857 1328; x_wconf 89' lang='lat' dir='ltr'>particula</span> <span class='ocrx_word' id='word_1_97' title='bbox 891 1273 980 1323; x_wconf 82' lang='lat' dir='ltr'>quia</span> <span class='ocrx_word' id='word_1_98' title='bbox 1000 1269 1151 1327; x_wconf 88' lang='lat' dir='ltr'>posita</span> <span class='ocrx_word' id='word_1_99' title='bbox 1172 1271 1241 1312; x_wconf 90' lang='lat' dir='ltr'>est</span> <span class='ocrx_word' id='word_1_100' title='bbox 1263 1282 1292 1312; x_wconf 89' lang='lat' dir='ltr'>a</span> <span class='ocrx_word' id='word_1_101' title='bbox 1312 1269 1550 1314; x_wconf 89' lang='lat' dir='ltr'>Venant.</span> <span class='ocrx_word' id='word_1_102' title='bbox 1581 1266 1727 1311; x_wconf 88' lang='lat' dir='ltr'>Fort.</span> <span class='ocrx_word' id='word_1_103' title='bbox 1749 1266 1854 1310; x_wconf 90' lang='lat' dir='ltr'>mis-</span> 
     </span>
     <span class='ocr_line' id='line_1_14' title="bbox 209 1337 1856 1398; baseline -0.003 -11"><span class='ocrx_word' id='word_1_104' title='bbox 209 1344 301 1388; x_wconf 83' lang='lat' dir='ltr'>cell.</span> <span class='ocrx_word' id='word_1_105' title='bbox 323 1345 370 1388; x_wconf 89' lang='lat' dir='ltr'>H</span> <span class='ocrx_word' id='word_1_106' title='bbox 393 1344 461 1398; x_wconf 85' lang='lat'>15,</span> <span class='ocrx_word' id='word_1_107' title='bbox 481 1344 508 1387; x_wconf 87' lang='lat'>8</span> <span class='ocrx_word' id='word_1_108' title='bbox 539 1346 645 1394; x_wconf 78' lang='lat' dir='ltr'>filius</span> <span class='ocrx_word' id='word_1_109' title='bbox 674 1348 715 1384; x_wconf 75' lang='lat' dir='ltr'>ut</span> <span class='ocrx_word' id='word_1_110' title='bbox 744 1345 877 1384; x_wconf 75' lang='lat' dir='ltr'>dicant</span> <span class='ocrx_word' id='word_1_111' title='bbox 897 1345 1022 1395; x_wconf 83' lang='lat' dir='ltr'>quiast</span> <span class='ocrx_word' id='word_1_112' title='bbox 1050 1346 1227 1383; x_wconf 79' lang='lat' dir='ltr'>creatura</span> <span class='ocrx_word' id='word_1_113' title='bbox 1247 1341 1349 1395; x_wconf 76' lang='lat' dir='ltr'>dei.2)</span> <span class='ocrx_word' id='word_1_114' title='bbox 1396 1339 1636 1383; x_wconf 86' lang='lat' dir='ltr'>Praeterea</span> <span class='ocrx_word' id='word_1_115' title='bbox 1667 1337 1856 1383; x_wconf 88' lang='lat' dir='ltr'>eandem</span> 
     </span>
     <span class='ocr_line' id='line_1_15' title="bbox 212 1409 1857 1473; baseline -0.004 -14"><span class='ocrx_word' id='word_1_116' title='bbox 212 1416 259 1459; x_wconf 92' lang='lat' dir='ltr'>in</span> <span class='ocrx_word' id='word_1_117' title='bbox 291 1417 419 1473; x_wconf 87' lang='lat' dir='ltr'>parte</span> <span class='ocrx_word' id='word_1_118' title='bbox 464 1414 661 1458; x_wconf 92' lang='lat' dir='ltr'>codicum</span> <span class='ocrx_word' id='word_1_119' title='bbox 706 1413 892 1457; x_wconf 89' lang='lat' dir='ltr'>odarum</span> <span class='ocrx_word' id='word_1_120' title='bbox 929 1413 1104 1457; x_wconf 89' lang='lat' dir='ltr'>Horatii</span> <span class='ocrx_word' id='word_1_121' title='bbox 1144 1412 1336 1456; x_wconf 89' lang='lat' dir='ltr'>inveniri</span> <span class='ocrx_word' id='word_1_122' title='bbox 1377 1426 1447 1455; x_wconf 94' lang='lat' dir='ltr'>me</span> <span class='ocrx_word' id='word_1_123' title='bbox 1490 1413 1643 1455; x_wconf 90' lang='lat' dir='ltr'>monet</span> <span class='ocrx_word' id='word_1_124' title='bbox 1677 1409 1857 1454; x_wconf 74' lang='lat' dir='ltr'>Bittius.</span> 
     </span>
     <span class='ocr_line' id='line_1_16' title="bbox 215 1485 1098 1542; baseline -0.003 -11"><span class='ocrx_word' id='word_1_125' title='bbox 215 1487 375 1542; x_wconf 85' lang='lat' dir='ltr'>Agitur</span> <span class='ocrx_word' id='word_1_126' title='bbox 406 1489 559 1530; x_wconf 88' lang='lat' dir='ltr'>autem</span> <span class='ocrx_word' id='word_1_127' title='bbox 593 1485 647 1530; x_wconf 90' lang='lat' dir='ltr'>de</span> <span class='ocrx_word' id='word_1_128' title='bbox 678 1485 703 1529; x_wconf 93' lang='lat' dir='ltr'>l.</span> <span class='ocrx_word' id='word_1_129' title='bbox 725 1486 749 1529; x_wconf 96' lang='lat' dir='ltr'>I</span> <span class='ocrx_word' id='word_1_130' title='bbox 781 1485 848 1529; x_wconf 91' lang='lat' dir='ltr'>od.</span> <span class='ocrx_word' id='word_1_131' title='bbox 874 1486 928 1528; x_wconf 83' lang='lat'>12</span> <span class='ocrx_word' id='word_1_132' title='bbox 961 1499 1001 1528; x_wconf 92' lang='lat' dir='ltr'>v.</span> <span class='ocrx_word' id='word_1_133' title='bbox 1023 1485 1098 1528; x_wconf 88' lang='lat'>30:</span> 
     </span>
     <span class='ocr_line' id='line_1_17' title="bbox 596 1555 1481 1614; baseline -0.003 -13"><span class='ocrx_word' id='word_1_134' title='bbox 596 1559 642 1601; x_wconf 91' lang='lat' dir='ltr'>et</span> <span class='ocrx_word' id='word_1_135' title='bbox 673 1557 838 1612; x_wconf 87' lang='lat' dir='ltr'>minax,</span> <span class='ocrx_word' id='word_1_136' title='bbox 873 1557 991 1614; x_wconf 94' lang='lat' dir='ltr'>quod</span> <span class='ocrx_word' id='word_1_137' title='bbox 1023 1556 1085 1599; x_wconf 90' lang='lat' dir='ltr'>sic</span> <span class='ocrx_word' id='word_1_138' title='bbox 1116 1555 1311 1610; x_wconf 89' lang='lat' dir='ltr'>voluere,</span> <span class='ocrx_word' id='word_1_139' title='bbox 1343 1557 1481 1613; x_wconf 91' lang='lat' dir='ltr'>ponto</span> 
     </span>
     <span class='ocr_line' id='line_1_18' title="bbox 765 1627 1225 1672; baseline 0 -1"><span class='ocrx_word' id='word_1_140' title='bbox 765 1659 767 1661; x_wconf 90' lang='lat'>-</span> <span class='ocrx_word' id='word_1_141' title='bbox 843 1627 967 1672; x_wconf 91' lang='lat' dir='ltr'>unda</span> <span class='ocrx_word' id='word_1_142' title='bbox 996 1628 1225 1672; x_wconf 82' lang='lat' dir='ltr'>recumbit.</span> 
     </span>
    </p>
   </div>
   <div class='ocr_carea' id='block_1_5' title="bbox 209 1709 1859 2126">
    <p class='ocr_par' dir='ltr' id='par_1_6' title="bbox 209 1709 1859 2126">
     <span class='ocr_line' id='line_1_19' title="bbox 209 1709 1858 1771; baseline -0.004 -14"><span class='ocrx_word' id='word_1_143' title='bbox 209 1714 417 1770; x_wconf 86' lang='lat' dir='ltr'>Legimus</span> <span class='ocrx_word' id='word_1_144' title='bbox 451 1713 570 1756; x_wconf 87' lang='lat' dir='ltr'>enim</span> <span class='ocrx_word' id='word_1_145' title='bbox 600 1713 647 1756; x_wconf 92' lang='lat' dir='ltr'>in</span> <span class='ocrx_word' id='word_1_146' title='bbox 680 1711 803 1756; x_wconf 88' lang='lat' dir='ltr'>codd.</span> <span class='ocrx_word' id='word_1_147' title='bbox 855 1712 911 1771; x_wconf 65' lang='lat' dir='ltr'>D2</span> <span class='ocrx_word' id='word_1_148' title='bbox 947 1713 993 1755; x_wconf 89' lang='lat' dir='ltr'>et</span> <span class='ocrx_word' id='word_1_149' title='bbox 1023 1711 1338 1770; x_wconf 87' lang='lat' dir='ltr'>Porphyrionis</span> <span class='ocrx_word' id='word_1_150' title='bbox 1370 1709 1491 1754; x_wconf 94' lang='lat' dir='ltr'>codd.</span> <span class='ocrx_word' id='word_1_151' title='bbox 1523 1709 1622 1753; x_wconf 90' lang='lat' dir='ltr'>UM</span> <span class='ocrx_word' id='word_1_152' title='bbox 1651 1723 1728 1767; x_wconf 91' lang='lat' dir='ltr'>pro</span> <span class='ocrx_word' id='word_1_153' title='bbox 1760 1711 1858 1762; x_wconf 80' lang='lat' dir='ltr'>quod</span> 
     </span>
     <span class='ocr_line' id='line_1_20' title="bbox 209 1779 1857 1844; baseline -0.004 -15"><span class='ocrx_word' id='word_1_154' title='bbox 209 1785 475 1843; x_wconf 89' lang='lat' dir='ltr'>particulam</span> <span class='ocrx_word' id='word_1_155' title='bbox 507 1788 608 1840; x_wconf 79' lang='lat' dir='ltr'>quia,</span> <span class='ocrx_word' id='word_1_156' title='bbox 643 1799 759 1844; x_wconf 89' lang='lat' dir='ltr'>quae</span> <span class='ocrx_word' id='word_1_157' title='bbox 790 1784 998 1827; x_wconf 90' lang='lat' dir='ltr'>nimirum</span> <span class='ocrx_word' id='word_1_158' title='bbox 1024 1797 1117 1827; x_wconf 88' lang='lat' dir='ltr'>una</span> <span class='ocrx_word' id='word_1_159' title='bbox 1139 1782 1314 1841; x_wconf 90' lang='lat' dir='ltr'>syllaba</span> <span class='ocrx_word' id='word_1_160' title='bbox 1334 1781 1668 1840; x_wconf 84' lang='lat' dir='ltr'>pronuntianda</span> <span class='ocrx_word' id='word_1_161' title='bbox 1688 1782 1758 1824; x_wconf 90' lang='lat' dir='ltr'>est</span> <span class='ocrx_word' id='word_1_162' title='bbox 1789 1779 1857 1834; x_wconf 81' lang='lat' dir='ltr'>(cf.</span> 
     </span>
     <span class='ocr_line' id='line_1_21' title="bbox 214 1851 1857 1914; baseline -0.004 -12"><span class='ocrx_word' id='word_1_163' title='bbox 214 1859 265 1902; x_wconf 93' lang='lat' dir='ltr'>A.</span> <span class='ocrx_word' id='word_1_164' title='bbox 286 1857 440 1901; x_wconf 90' lang='lat' dir='ltr'>Horat.</span> <span class='ocrx_word' id='word_1_165' title='bbox 479 1856 624 1901; x_wconf 86' lang='lat' dir='ltr'>Flacci</span> <span class='ocrx_word' id='word_1_166' title='bbox 667 1870 734 1914; x_wconf 90' lang='lat' dir='ltr'>op.</span> <span class='ocrx_word' id='word_1_167' title='bbox 776 1855 862 1900; x_wconf 89' lang='lat' dir='ltr'>vol.</span> <span class='ocrx_word' id='word_1_168' title='bbox 884 1858 907 1901; x_wconf 92' lang='lat' dir='ltr'>I</span> <span class='ocrx_word' id='word_1_169' title='bbox 938 1855 1005 1899; x_wconf 90' lang='lat' dir='ltr'>ed.</span> <span class='ocrx_word' id='word_1_170' title='bbox 1035 1853 1376 1899; x_wconf 90' lang='lat' dir='ltr'>Keller-Holder</span> <span class='ocrx_word' id='word_1_171' title='bbox 1415 1868 1454 1897; x_wconf 93' lang='lat' dir='ltr'>a.</span> <span class='ocrx_word' id='word_1_172' title='bbox 1479 1853 1615 1897; x_wconf 53' lang='lat' dir='ltr'>1909ss</span> <span class='ocrx_word' id='word_1_173' title='bbox 1653 1866 1753 1910; x_wconf 88' lang='lat' dir='ltr'>pag.</span> <span class='ocrx_word' id='word_1_174' title='bbox 1774 1851 1857 1906; x_wconf 85' lang='lat'>36).</span> 
     </span>
     <span class='ocr_line' id='line_1_22' title="bbox 211 1925 1859 1987; baseline -0.005 -14"><span class='ocrx_word' id='word_1_175' title='bbox 211 1929 454 1987; x_wconf 91' lang='lat' dir='ltr'>Pomponio</span> <span class='ocrx_word' id='word_1_176' title='bbox 495 1928 630 1983; x_wconf 89' lang='lat' dir='ltr'>igitur</span> <span class='ocrx_word' id='word_1_177' title='bbox 669 1927 962 1985; x_wconf 87' lang='lat' dir='ltr'>Porphyrioni</span> <span class='ocrx_word' id='word_1_178' title='bbox 1001 1927 1092 1970; x_wconf 90' lang='lat' dir='ltr'>iam</span> <span class='ocrx_word' id='word_1_179' title='bbox 1135 1927 1250 1970; x_wconf 86' lang='lat' dir='ltr'>duae</span> <span class='ocrx_word' id='word_1_180' title='bbox 1291 1925 1505 1969; x_wconf 87' lang='lat' dir='ltr'>lectiones</span> <span class='ocrx_word' id='word_1_181' title='bbox 1545 1927 1635 1979; x_wconf 80' lang='lat' dir='ltr'>quia</span> <span class='ocrx_word' id='word_1_182' title='bbox 1676 1925 1722 1968; x_wconf 89' lang='lat' dir='ltr'>et</span> <span class='ocrx_word' id='word_1_183' title='bbox 1761 1925 1859 1976; x_wconf 78' lang='lat' dir='ltr'>quod</span> 
     </span>
     <span class='ocr_line' id='line_1_23' title="bbox 211 1993 1858 2057; baseline -0.004 -12"><span class='ocrx_word' id='word_1_184' title='bbox 211 2003 347 2045; x_wconf 91' lang='lat' dir='ltr'>notae</span> <span class='ocrx_word' id='word_1_185' title='bbox 380 2002 519 2044; x_wconf 88' lang='lat' dir='ltr'>erant.</span> <span class='ocrx_word' id='word_1_186' title='bbox 580 1995 928 2057; x_wconf 89' lang='lat' dir='ltr'>Porphyrionem</span> <span class='ocrx_word' id='word_1_187' title='bbox 960 2000 1113 2042; x_wconf 90' lang='lat' dir='ltr'>autem</span> <span class='ocrx_word' id='word_1_188' title='bbox 1145 1997 1433 2041; x_wconf 88' lang='lat' dir='ltr'>scholiastam</span> <span class='ocrx_word' id='word_1_189' title='bbox 1463 1996 1648 2040; x_wconf 88' lang='lat' dir='ltr'>ineunte</span> <span class='ocrx_word' id='word_1_190' title='bbox 1679 1993 1858 2038; x_wconf 89' lang='lat' dir='ltr'>saeculo</span> 
     </span>
     <span class='ocr_line' id='line_1_24' title="bbox 211 2071 756 2126; baseline -0.006 -9"><span class='ocrx_word' id='word_1_191' title='bbox 211 2073 344 2117; x_wconf 86' lang='lat' dir='ltr'>tertio</span> <span class='ocrx_word' id='word_1_192' title='bbox 375 2071 515 2115; x_wconf 88' lang='lat' dir='ltr'>fuisse</span> <span class='ocrx_word' id='word_1_193' title='bbox 548 2072 756 2126; x_wconf 78' lang='lat' dir='ltr'>scimus.⁸)</span> 
     </span>
    </p>
   </div>
   <div class='ocr_carea' id='block_1_6' title="bbox 212 2212 1860 2560">
    <p class='ocr_par' dir='ltr' id='par_1_7' title="bbox 212 2212 1860 2560">
     <span class='ocr_line' id='line_1_25' title="bbox 332 2212 1860 2272; baseline -0.004 -13"><span class='ocrx_word' id='word_1_194' title='bbox 332 2215 533 2272; x_wconf 91' lang='lat' dir='ltr'>Denique</span> <span class='ocrx_word' id='word_1_195' title='bbox 565 2214 806 2259; x_wconf 88' lang='lat' dir='ltr'>adnotetur</span> <span class='ocrx_word' id='word_1_196' title='bbox 837 2214 955 2271; x_wconf 90' lang='lat' dir='ltr'>quod</span> <span class='ocrx_word' id='word_1_197' title='bbox 985 2213 1174 2269; x_wconf 89' lang='lat' dir='ltr'>legimus</span> <span class='ocrx_word' id='word_1_198' title='bbox 1202 2213 1249 2256; x_wconf 91' lang='lat' dir='ltr'>in</span> <span class='ocrx_word' id='word_1_199' title='bbox 1270 2227 1310 2256; x_wconf 90' lang='lat' dir='ltr'>v.</span> <span class='ocrx_word' id='word_1_200' title='bbox 1333 2212 1437 2257; x_wconf 87' lang='lat'>960:</span> <span class='ocrx_word' id='word_1_201' title='bbox 1468 2227 1558 2254; x_wconf 78' lang='lat' dir='ltr'>nam</span> <span class='ocrx_word' id='word_1_202' title='bbox 1577 2213 1698 2256; x_wconf 71' lang='lat' dir='ltr'>nisi</span> <span class='ocrx_word' id='word_1_203' title='bbox 1717 2214 1860 2254; x_wconf 82' lang='lat' dir='ltr'>vocalis</span> 
     </span>
     <span class='ocr_line' id='line_1_26' title="bbox 212 2281 1860 2343; baseline -0.003 -12"><span class='ocrx_word' id='word_1_204' title='bbox 212 2291 323 2340; x_wconf 78' lang='lat' dir='ltr'>adsit,</span> <span class='ocrx_word' id='word_1_205' title='bbox 363 2290 476 2330; x_wconf 79' lang='lat' dir='ltr'>vertit</span> <span class='ocrx_word' id='word_1_206' title='bbox 515 2289 611 2328; x_wconf 79' lang='lat' dir='ltr'>hanc</span> <span class='ocrx_word' id='word_1_207' title='bbox 650 2290 691 2328; x_wconf 80' lang='lat' dir='ltr'>in</span> <span class='ocrx_word' id='word_1_208' title='bbox 731 2289 947 2338; x_wconf 75' lang='lat' dir='ltr'>simplicem.</span> <span class='ocrx_word' id='word_1_209' title='bbox 1009 2287 1106 2343; x_wconf 79' lang='lat' dir='ltr'>Quo</span> <span class='ocrx_word' id='word_1_210' title='bbox 1148 2285 1194 2328; x_wconf 90' lang='lat' dir='ltr'>in</span> <span class='ocrx_word' id='word_1_211' title='bbox 1235 2299 1371 2328; x_wconf 88' lang='lat' dir='ltr'>versu</span> <span class='ocrx_word' id='word_1_212' title='bbox 1401 2285 1424 2328; x_wconf 95' lang='lat' dir='ltr'>I</span> <span class='ocrx_word' id='word_1_213' title='bbox 1460 2282 1612 2326; x_wconf 79' lang='lat' dir='ltr'>finalis</span> <span class='ocrx_word' id='word_1_214' title='bbox 1652 2281 1860 2327; x_wconf 85' lang='lat' dir='ltr'>vocabuli</span> 
     </span>
     <span class='ocr_line' id='line_1_27' title="bbox 212 2354 1859 2417; baseline -0.003 -15"><span class='ocrx_word' id='word_1_215' title='bbox 212 2363 290 2402; x_wconf 74' lang='lat' dir='ltr'>nisi</span> <span class='ocrx_word' id='word_1_216' title='bbox 333 2358 551 2417; x_wconf 90' lang='lat' dir='ltr'>producta</span> <span class='ocrx_word' id='word_1_217' title='bbox 598 2361 669 2401; x_wconf 88' lang='lat' dir='ltr'>est</span> <span class='ocrx_word' id='word_1_218' title='bbox 716 2360 761 2401; x_wconf 90' lang='lat' dir='ltr'>et</span> <span class='ocrx_word' id='word_1_219' title='bbox 803 2359 942 2401; x_wconf 92' lang='lat' dir='ltr'>ictum</span> <span class='ocrx_word' id='word_1_220' title='bbox 983 2357 1133 2401; x_wconf 87' lang='lat' dir='ltr'>habet.</span> <span class='ocrx_word' id='word_1_221' title='bbox 1205 2356 1262 2399; x_wconf 86' lang='lat' dir='ltr'>Et</span> <span class='ocrx_word' id='word_1_222' title='bbox 1304 2370 1351 2400; x_wconf 90' lang='lat' dir='ltr'>re</span> <span class='ocrx_word' id='word_1_223' title='bbox 1392 2369 1501 2399; x_wconf 89' lang='lat' dir='ltr'>vera</span> <span class='ocrx_word' id='word_1_224' title='bbox 1542 2354 1859 2398; x_wconf 85' lang='lat' dir='ltr'>Terentianum</span> 
     </span>
     <span class='ocr_line' id='line_1_28' title="bbox 213 2424 1857 2488; baseline -0.003 -13"><span class='ocrx_word' id='word_1_225' title='bbox 213 2430 479 2488; x_wconf 87' lang='lat' dir='ltr'>particulam</span> <span class='ocrx_word' id='word_1_226' title='bbox 523 2430 660 2485; x_wconf 86' lang='lat' dir='ltr'>„nisi“</span> <span class='ocrx_word' id='word_1_227' title='bbox 706 2430 778 2472; x_wconf 90' lang='lat' dir='ltr'>hic</span> <span class='ocrx_word' id='word_1_228' title='bbox 818 2429 1010 2473; x_wconf 91' lang='lat' dir='ltr'>iambica</span> <span class='ocrx_word' id='word_1_229' title='bbox 1051 2442 1264 2472; x_wconf 89' lang='lat' dir='ltr'>mensura</span> <span class='ocrx_word' id='word_1_230' title='bbox 1304 2427 1591 2484; x_wconf 85' lang='lat' dir='ltr'>usurpavisse</span> <span class='ocrx_word' id='word_1_231' title='bbox 1623 2424 1857 2481; x_wconf 91' lang='lat' dir='ltr'>contendo,</span> 
     </span>
     <span class='ocr_line' id='line_1_29' title="bbox 215 2497 1860 2560; baseline -0.003 -14"><span class='ocrx_word' id='word_1_232' title='bbox 215 2517 305 2560; x_wconf 89' lang='lat' dir='ltr'>qua</span> <span class='ocrx_word' id='word_1_233' title='bbox 346 2502 484 2546; x_wconf 88' lang='lat' dir='ltr'>etiam</span> <span class='ocrx_word' id='word_1_234' title='bbox 526 2501 646 2559; x_wconf 88' lang='lat' dir='ltr'>apud</span> <span class='ocrx_word' id='word_1_235' title='bbox 688 2502 846 2559; x_wconf 91' lang='lat' dir='ltr'>poetas</span> <span class='ocrx_word' id='word_1_236' title='bbox 886 2501 1096 2558; x_wconf 90' lang='lat' dir='ltr'>antiquos</span> <span class='ocrx_word' id='word_1_237' title='bbox 1129 2500 1356 2544; x_wconf 91' lang='lat' dir='ltr'>scaenicos</span> <span class='ocrx_word' id='word_1_238' title='bbox 1386 2499 1598 2554; x_wconf 73' lang='lat' dir='ltr'>legitur4).</span> <span class='ocrx_word' id='word_1_239' title='bbox 1658 2497 1860 2541; x_wconf 82' lang='lat' dir='ltr'>Editores</span> 
     </span>
    </p>
   </div>
   <div class='ocr_carea' id='block_1_7' title="bbox 224 2587 499 2593">
    <p class='ocr_par' dir='ltr' id='par_1_8' title="bbox 224 2587 499 2593">
     <span class='ocr_line' id='line_1_30' title="bbox 224 2587 499 2593; baseline 0 0"><span class='ocrx_word' id='word_1_240' title='bbox 224 2587 499 2593; x_wconf 95' lang='lat' dir='ltr'> </span> 
     </span>
    </p>
   </div>
   <div class='ocr_carea' id='block_1_8' title="bbox 216 2618 1861 2912">
    <p class='ocr_par' dir='ltr' id='par_1_9' title="bbox 216 2618 1857 2733">
     <span class='ocr_line' id='line_1_31' title="bbox 335 2618 1857 2675; baseline -0.003 -12"><span class='ocrx_word' id='word_1_241' title='bbox 335 2623 364 2675; x_wconf 83' lang='grc'>1)</span> <span class='ocrx_word' id='word_1_242' title='bbox 398 2625 472 2663; x_wconf 88' lang='lat' dir='ltr'>Ter</span> <span class='ocrx_word' id='word_1_243' title='bbox 492 2624 659 2663; x_wconf 88' lang='lat' dir='ltr'>vocales</span> <span class='ocrx_word' id='word_1_244' title='bbox 682 2624 807 2663; x_wconf 89' lang='lat' dir='ltr'>elisae</span> <span class='ocrx_word' id='word_1_245' title='bbox 839 2626 936 2662; x_wconf 90' lang='lat' dir='ltr'>sunt</span> <span class='ocrx_word' id='word_1_246' title='bbox 962 2624 1002 2661; x_wconf 88' lang='lat' dir='ltr'>in</span> <span class='ocrx_word' id='word_1_247' title='bbox 1024 2636 1089 2662; x_wconf 88' lang='lat' dir='ltr'>vv.</span> <span class='ocrx_word' id='word_1_248' title='bbox 1113 2623 1236 2668; x_wconf 86' lang='lat'>1090,</span> <span class='ocrx_word' id='word_1_249' title='bbox 1258 2622 1385 2667; x_wconf 84' lang='lat'>2152,</span> <span class='ocrx_word' id='word_1_250' title='bbox 1406 2621 1533 2659; x_wconf 83' lang='lat'>2393.</span> <span class='ocrx_word' id='word_1_251' title='bbox 1577 2618 1857 2666; x_wconf 82' lang='lat' dir='ltr'>conf.Werth‚</span> 
     </span>
     <span class='ocr_line' id='line_1_32' title="bbox 216 2684 962 2733; baseline 0 -11"><span class='ocrx_word' id='word_1_252' title='bbox 216 2685 273 2722; x_wconf 91' lang='lat' dir='ltr'>De</span> <span class='ocrx_word' id='word_1_253' title='bbox 307 2685 391 2723; x_wconf 88' lang='lat' dir='ltr'>Ter.</span> <span class='ocrx_word' id='word_1_254' title='bbox 424 2686 535 2722; x_wconf 88' lang='lat' dir='ltr'>metr.</span> <span class='ocrx_word' id='word_1_255' title='bbox 568 2687 609 2723; x_wconf 89' lang='lat' dir='ltr'>et</span> <span class='ocrx_word' id='word_1_256' title='bbox 639 2684 736 2722; x_wconf 91' lang='lat' dir='ltr'>eloc.</span> <span class='ocrx_word' id='word_1_257' title='bbox 769 2696 805 2733; x_wconf 91' lang='lat' dir='ltr'>p.</span> <span class='ocrx_word' id='word_1_258' title='bbox 833 2684 883 2722; x_wconf 96' lang='grc'>17</span> <span class='ocrx_word' id='word_1_259' title='bbox 903 2696 962 2733; x_wconf 89' lang='lat' dir='ltr'>sq.</span> 
     </span>
    </p>

    <p class='ocr_par' dir='ltr' id='par_1_10' title="bbox 338 2741 1064 2794">
     <span class='ocr_line' id='line_1_33' title="bbox 338 2741 1064 2794; baseline -0.003 -12"><span class='ocrx_word' id='word_1_260' title='bbox 338 2741 366 2794; x_wconf 76' lang='grc'>2)</span> <span class='ocrx_word' id='word_1_261' title='bbox 401 2744 511 2783; x_wconf 84' lang='lat' dir='ltr'>Conf.</span> <span class='ocrx_word' id='word_1_262' title='bbox 543 2743 584 2782; x_wconf 89' lang='lat' dir='ltr'>L.</span> <span class='ocrx_word' id='word_1_263' title='bbox 605 2743 759 2789; x_wconf 82' lang='lat' dir='ltr'>Miiller,</span> <span class='ocrx_word' id='word_1_264' title='bbox 794 2743 818 2782; x_wconf 91' lang='lat' dir='ltr'>l.</span> <span class='ocrx_word' id='word_1_265' title='bbox 842 2755 873 2781; x_wconf 90' lang='lat' dir='ltr'>c.</span> <span class='ocrx_word' id='word_1_266' title='bbox 906 2756 942 2793; x_wconf 89' lang='lat' dir='ltr'>p.</span> <span class='ocrx_word' id='word_1_267' title='bbox 966 2743 1064 2781; x_wconf 85' lang='lat'>323.</span> 
     </span>
    </p>

    <p class='ocr_par' dir='ltr' id='par_1_11' title="bbox 217 2794 1861 2912">
     <span class='ocr_line' id='line_1_34' title="bbox 337 2794 1861 2853; baseline -0.003 -12"><span class='ocrx_word' id='word_1_268' title='bbox 337 2801 366 2853; x_wconf 80' lang='lat'>³)</span> <span class='ocrx_word' id='word_1_269' title='bbox 400 2803 512 2841; x_wconf 86' lang='lat' dir='ltr'>Conf.</span> <span class='ocrx_word' id='word_1_270' title='bbox 544 2803 594 2842; x_wconf 92' lang='lat' dir='ltr'>M.</span> <span class='ocrx_word' id='word_1_271' title='bbox 618 2803 787 2847; x_wconf 88' lang='lat' dir='ltr'>Schanz‚</span> <span class='ocrx_word' id='word_1_272' title='bbox 823 2803 965 2841; x_wconf 89' lang='lat' dir='ltr'>Gesch.</span> <span class='ocrx_word' id='word_1_273' title='bbox 998 2802 1033 2840; x_wconf 89' lang='lat' dir='ltr'>d.</span> <span class='ocrx_word' id='word_1_274' title='bbox 1066 2802 1177 2840; x_wconf 72' lang='lat' dir='ltr'>Rom.</span> <span class='ocrx_word' id='word_1_275' title='bbox 1205 2800 1277 2841; x_wconf 88' lang='lat' dir='ltr'>Lit.</span> <span class='ocrx_word' id='word_1_276' title='bbox 1310 2800 1351 2838; x_wconf 93' lang='lat' dir='ltr'>in</span> <span class='ocrx_word' id='word_1_277' title='bbox 1383 2799 1410 2837; x_wconf 93' lang='grc' dir='ltr'>Ι.</span> <span class='ocrx_word' id='word_1_278' title='bbox 1433 2811 1471 2838; x_wconf 89' lang='lat' dir='ltr'>v.</span> <span class='ocrx_word' id='word_1_279' title='bbox 1493 2798 1544 2837; x_wconf 88' lang='grc' dir='ltr'>Μ.</span> <span class='ocrx_word' id='word_1_280' title='bbox 1566 2798 1718 2839; x_wconf 91' lang='lat' dir='ltr'>Hdbch.</span> <span class='ocrx_word' id='word_1_281' title='bbox 1749 2794 1861 2836; x_wconf 83' lang='lat' dir='ltr'>V111³</span> 
     </span>
     <span class='ocr_line' id='line_1_35' title="bbox 217 2861 692 2912; baseline 0.002 -13"><span class='ocrx_word' id='word_1_282' title='bbox 217 2862 266 2910; x_wconf 89' lang='lat' dir='ltr'>(a.</span> <span class='ocrx_word' id='word_1_283' title='bbox 293 2861 438 2911; x_wconf 69' lang='lat'>19052)</span> <span class='ocrx_word' id='word_1_284' title='bbox 470 2875 507 2912; x_wconf 92' lang='lat' dir='ltr'>p.</span> <span class='ocrx_word' id='word_1_285' title='bbox 535 2863 614 2902; x_wconf 90' lang='grc'>177</span> <span class='ocrx_word' id='word_1_286' title='bbox 633 2874 692 2912; x_wconf 88' lang='lat' dir='ltr'>sq.</span> 
     </span>
    </p>
   </div>
   <div class='ocr_carea' id='block_1_9' title="bbox 337 2916 1924 2971">
    <p class='ocr_par' dir='ltr' id='par_1_12' title="bbox 337 2916 1924 2971">
     <span class='ocr_line' id='line_1_36' title="bbox 337 2916 1924 2971; baseline -0.001 -12"><span class='ocrx_word' id='word_1_287' title='bbox 337 2920 366 2971; x_wconf 73' lang='grc'>4)</span> <span class='ocrx_word' id='word_1_288' title='bbox 401 2922 511 2961; x_wconf 83' lang='lat' dir='ltr'>Conf.</span> <span class='ocrx_word' id='word_1_289' title='bbox 543 2922 583 2960; x_wconf 90' lang='lat' dir='ltr'>L.</span> <span class='ocrx_word' id='word_1_290' title='bbox 606 2922 782 2966; x_wconf 88' lang='lat' dir='ltr'>Mueller,</span> <span class='ocrx_word' id='word_1_291' title='bbox 817 2922 841 2960; x_wconf 94' lang='lat' dir='ltr'>l.</span> <span class='ocrx_word' id='word_1_292' title='bbox 863 2921 887 2959; x_wconf 92' lang='lat'>1.</span> <span class='ocrx_word' id='word_1_293' title='bbox 920 2933 982 2971; x_wconf 87' lang='lat' dir='ltr'>pg.</span> <span class='ocrx_word' id='word_1_294' title='bbox 1005 2921 1090 2959; x_wconf 88' lang='lat'>409</span> <span class='ocrx_word' id='word_1_295' title='bbox 1110 2931 1215 2970; x_wconf 89' lang='lat' dir='ltr'>sqq.;</span> <span class='ocrx_word' id='word_1_296' title='bbox 1257 2919 1387 2964; x_wconf 83' lang='lat' dir='ltr'>Klotz,</span> <span class='ocrx_word' id='word_1_297' title='bbox 1422 2918 1594 2957; x_wconf 86' lang='lat' dir='ltr'>Grundz.</span> <span class='ocrx_word' id='word_1_298' title='bbox 1626 2916 1715 2956; x_wconf 83' lang='lat' dir='ltr'>altr.</span> <span class='ocrx_word' id='word_1_299' title='bbox 1747 2916 1860 2958; x_wconf 86' lang='lat' dir='ltr'>Metr.</span> <span class='ocrx_word' id='word_1_300' title='bbox 1921 2942 1924 2947; x_wconf 78' lang='lat'><em>,</em></span> 
     </span>
    </p>
   </div>
   <div class='ocr_carea' id='block_1_10' title="bbox 217 2980 811 3031">
    <p class='ocr_par' dir='ltr' id='par_1_13' title="bbox 217 2980 811 3031">
     <span class='ocr_line' id='line_1_37' title="bbox 217 2980 811 3031; baseline 0.008 -14"><span class='ocrx_word' id='word_1_301' title='bbox 217 2980 324 3029; x_wconf 90' lang='lat' dir='ltr'>Lips.</span> <span class='ocrx_word' id='word_1_302' title='bbox 357 2992 391 3018; x_wconf 93' lang='lat' dir='ltr'>a.</span> <span class='ocrx_word' id='word_1_303' title='bbox 419 2981 531 3019; x_wconf 83' lang='lat'>1890</span> <span class='ocrx_word' id='word_1_304' title='bbox 563 2993 654 3031; x_wconf 88' lang='lat' dir='ltr'>pag.</span> <span class='ocrx_word' id='word_1_305' title='bbox 678 2982 728 3019; x_wconf 88' lang='lat'>51</span> <span class='ocrx_word' id='word_1_306' title='bbox 750 2993 811 3031; x_wconf 87' lang='lat' dir='ltr'>sq.</span> 
     </span>
    </p>
   </div>
  </div>
 </body>
</html>
