1936 3366
884 274 1182 316 —44—

209 392 304 445 Quo
347 405 483 435 sensu
525 397 702 444 quatenus
741 392 831 435 iam
873 391 1110 437 adhibetur
1151 406 1180 436 a
1219 392 1389 437 Lucret.
1411 394 1458 437 II
1479 394 1621 448 2971).
1683 393 1850 449 Horat,

210 462 347 518 Ovid„
390 462 488 506 Val.
516 462 645 519 Max„
696 462 856 518 Quint„
904 463 1030 519 Plin.,
1076 464 1228 520 Tacit„
1272 464 1406 519 Suet„
1451 463 1575 519 Flor.,
1623 465 1725 509 Min.
1746 464 1849 522 Fal„

210 534 404 590 Tertull.,
436 534 662 593 Porphyr.,
695 534 898 590 Macrob.,
931 535 1120 591 Iustin.²)

329 605 416 650 Sed
447 606 494 650 in
525 620 659 650 versu
683 607 798 650 1863
820 607 1117 651 Terentianus
1138 613 1316 661 quatenus
1337 607 1664 663 significatione
1685 607 1851 652 modali

211 678 456 736 usurpavit.
534 677 617 731 Qui
663 692 773 722 usus
815 679 1102 736 scriptoribus
1153 679 1408 737 posterioris
1454 678 1634 723 demum
1684 680 1850 724 aetatis

217 749 419 794 arrisisse
450 749 640 805 videtur,
674 750 908 808 praecipue
941 753 1094 794 autem
1125 750 1373 795 Lactantio.
1435 753 1623 805 Quatenus
1651 751 1678 796 i.
1699 764 1738 808 q.
1758 766 1851 804 quo-

214 825 323 864 modo
354 821 528 865 habent
558 821 796 866 Tertull.
829 822 887 866 ad
917 821 1010 866 Iud.
1031 823 1059 865 4
1090 825 1266 876 Sequitur
1285 829 1328 865 ut
1344 828 1524 876 quatenus
1553 825 1852 866 circumcisionis

208 897 394 936 carnealis
424 895 579 937 abolitio
608 899 791 947 empuncta
821 897 899 936 suis
931 897 1156 947 temporibus
1186 898 1473 943 demonstratur,
1506 898 1563 937 ita
1580 897 1727 937 sabbati
1755 909 1848 948 quo-

207 983 275 1020 que
317 970 524 1009 observatio
565 970 797 1019 temporaria
836 969 956 1018 fuisse
995 969 1276 1011 demonstretur.
1347 966 1497 1010 Lact.
1528 966 1631 1010 inst.
1653 967 1676 1010 I
1702 966 1773 1019 21,
1790 966 1848 1010 20

206 1041 324 1081 Isidis
353 1052 464 1080 sacra
494 1044 581 1080 sunt
605 1043 782 1091 quatenus
811 1040 935 1088 filium
958 1054 1126 1091 parvum
1149 1041 1367 1090 perdiderit
1391 1043 1426 1080 et
1455 1041 1645 1088 invenenit.
1704 1038 1765 1083 IV
1778 1038 1848 1093 27,

211 1112 265 1153 11
298 1113 333 1152 si
362 1116 449 1152 sunt
483 1113 612 1162 aliqua
652 1112 915 1152 necessitudine
955 1113 1131 1162 copulati,
1167 1116 1346 1163 quatenus
1384 1125 1443 1152 eos
1471 1110 1748 1152 discernemus?
1782 1114 1852 1152 aut

213 1185 395 1235 quomodo
435 1185 631 1234 utriusque
670 1184 815 1234 ,ceneris
853 1185 1030 1224 honorem
1070 1186 1278 1234 cultumque
1316 1183 1574 1224 miscebimus?
1622 1181 1685 1224 IV
1711 1181 1846 1237 27,1.

204 1254 271 1298 IV
293 1254 362 1309 30,
382 1254 422 1297 3.
464 1253 505 1296 V
527 1254 682 1307 22,15.
723 1253 803 1296 VH
821 1254 865 1308 6,
880 1255 918 1297 7.
960 1253 1045 1297 VH
1068 1255 1193 1310 14,1.
1234 1253 1315 1306 VII
1339 1254 1407 1308 14,
1426 1254 1465 1298 2.
1507 1252 1587 1296 VH
1609 1254 1735 1308 17,1.
1770 1252 1847 1296 VH

203 1326 362 1381 24,10.
405 1325 612 1382 opif.6‚4.
651 1325 752 1382 epit.
770 1325 892 1380 63,3.
929 1326 1081 1380 70,16.
1124 1326 1250 1368 mort.
1267 1339 1378 1382 pers.
1397 1326 1489 1380 1‚7.
1522 1325 1645 1379 26,6.
1685 1323 1844 1368 Hilar.

211 1396 321 1455 psal.
344 1398 414 1454 53,
434 1398 472 1440 2.
514 1397 585 1451 56,
604 1398 643 1440 4.
686 1397 809 1453 63,5.
861 1397 1014 1453 68‚12.
1059 1397 1214 1452 123,1.
1260 1397 1410 1453 126,5.
1453 1396 1638 1453 136‚13.
1685 1395 1844 1440 Firm.

210 1468 448 1513 Matern.
470 1467 579 1526 prof.
600 1468 674 1513 rel.
698 1470 737 1523 7,
759 1470 781 1511 1
815 1472 912 1522 quod
951 1475 1129 1521 quatenus
1163 1472 1313 1520 factum
1351 1472 1404 1511 sit
1428 1471 1693 1521 perstrinyam.
1717 1468 1786 1522 12,
1803 1468 1844 1512 6.

209 1541 277 1596 13,
296 1541 335 1584 5.
378 1540 538 1584 Matth.
559 1541 599 1596 2,
618 1542 687 1596 17,
702 1541 741 1584 8.
784 1542 823 1588 4,
847 1541 914 1596 12,
933 1541 972 1584 9.
1015 1541 1055 1595 6,
1075 1541 1145 1596 32,
1164 1541 1203 1584 8.
1244 1539 1444 1584 Donat.
1465 1553 1620 1583 comm.
1640 1540 1688 1583 in
1708 1538 1842 1583 Andr.

200 1614 259 1669 H,
290 1614 328 1664 1,
351 1613 389 1655 2.
430 1613 477 1656 in
517 1611 716 1656 Eunuch.
741 1611 793 1668 V,
817 1613 858 1669 3,
884 1613 922 1657 1.
999 1611 1107 1656 Sid.
1149 1610 1330 1670 Apoll.
1360 1612 1486 1669 epist.
1517 1612 1571 1654 14
1612 1612 1685 1668 §1
1737 1613 1844 1653 Dum

200 1699 343 1726 mecum
383 1690 532 1737 reputo,
576 1690 754 1737 quatenus
794 1687 835 1726 in
875 1688 971 1726 votis
1013 1687 1087 1726 tuis
1122 1687 1337 1737 philosophi
1381 1687 1594 1735 fescennina
1639 1688 1841 1725 cantarem.

199 1755 453 1801 Cassiod.
475 1756 578 1800 hist.
600 1756 718 1814 Arip.
741 1757 782 1813 6,
799 1756 869 1799 30.

321 1827 409 1872 Sed
446 1827 632 1886 probare
674 1841 848 1885 nequeo
880 1827 925 1871 id
956 1827 1074 1885 quod
1105 1826 1212 1871 Alfr.
1230 1826 1401 1881 Werth,
1433 1826 1498 1870 De
1520 1826 1615 1870 Ter.
1637 1839 1840 1870 sermone

203 1902 250 1943 et
299 1901 387 1944 aet.
426 1914 465 1957 p.
488 1900 574 1943 308
607 1899 806 1943 affirmat
835 1898 905 1942 his
937 1899 1105 1943 verbis:
1151 1898 1265 1955 „Sed
1306 1899 1423 1942 hanc
1463 1897 1692 1942 notionem
1735 1897 1839 1952 (scil.

198 1972 422 2028 quatenus
443 1972 469 2014 i.
492 1985 530 2028 q.
553 1970 787 2028 quomodo)
825 1971 916 2015 iam
949 1971 1114 2015 Sextus
1144 1969 1414 2028 Pomponius
1454 1970 1562 2013 iuris
1593 1969 1837 2025 consultus,

197 2042 274 2100 qui
318 2042 402 2086 sub
434 2042 661 2087 Hadriano
705 2045 751 2087 et
781 2043 1008 2087 Antonino
1038 2042 1116 2086 Pio
1153 2042 1318 2095 floruit,
1364 2040 1544 2085 habet“.
1605 2040 1839 2099 Nusquam

197 2115 316 2158 enim
346 2121 522 2167 quatenus
552 2129 630 2173 pro
661 2117 842 2168 quomodo
865 2113 983 2171 apud
1005 2114 1193 2158 Sextum
1214 2113 1507 2170 Pomponium
1528 2113 1728 2168 legimus,
1758 2111 1838 2157 sed

196 2186 268 2231 hic
287 2186 395 2231 iuris
418 2186 649 2230 consultus
665 2184 977 2230 tantummodo
993 2189 1168 2228 haetenus
1184 2199 1261 2242 pro
1277 2188 1346 2227 hoc
1359 2188 1469 2227 modo
1484 2185 1645 2242 posuit.
1677 2183 1838 2228 Confer

198 2258 267 2302 W.
290 2257 420 2313 Kalb,
462 2258 600 2302 Roms
647 2257 861 2313 Juristen,
909 2257 1051 2315 Leipz.
1085 2271 1124 2302 a.
1155 2257 1269 2300 1890
1311 2270 1351 2313 p.
1384 2257 1462 2300 63:
1508 2258 1620 2313 „Scio
1660 2258 1838 2309 quosdam

199 2353 235 2366 ω
261 2334 436 2372 hactenus
455 2333 617 2372 scribere
636 2333 786 2372 solitos:
805 2332 953 2372 Stichus
971 2351 1008 2364 ω
1033 2332 1125 2371 liber
1154 2335 1247 2377 esto;
1281 2329 1353 2371 ein
1374 2327 1622 2382 Gebrauch,
1645 2326 1837 2371 welcher

201 2401 494 2457 anderweitig
523 2402 648 2445 nicht
668 2400 818 2456 belegt
847 2401 921 2454 ist,
942 2400 1100 2458 jedoch
1131 2414 1205 2444 am
1236 2402 1397 2457 spaten
1429 2401 1652 2460 quatenus
1674 2419 1731 2435 =
1747 2400 1833 2443 wie

196 2478 243 2525 (z.
265 2473 312 2517 B.
334 2472 429 2531 Ulp.
452 2487 519 2530 op.
540 2474 609 2518 XI
630 2473 671 2527 8,
689 2473 730 2528 5,
751 2474 788 2516 1.
831 2473 900 2524 27,
918 2473 958 2526 9,
977 2473 1049 2526 Θῆ
1092 2470 1309 2526 Wolfflin,
1343 2471 1508 2515 Archiv
1539 2469 1592 2523 V,
1611 2470 1711 2524 407)
1734 2470 1833 2515 eine

194 2545 407 2600 Analogie
438 2544 561 2588 hat“.
622 2543 782 2588 Werth
811 2544 946 2599 igitur
976 2543 1063 2587 hac
1093 2544 1138 2586 in
1170 2557 1217 2587 re
1248 2542 1466 2587 erravisse
1496 2541 1684 2585 videtur.

317 2677 345 2730 1)
381 2680 436 2718 Cf.
468 2680 676 2725 Biicheler,
709 2679 813 2719 Mus.
835 2679 961 2718 Rhen.
983 2678 1063 2718 vol.
1085 2677 1282 2716 XXXVIII
1312 2690 1350 2727 p.
1373 2676 1470 2715 508.

317 2738 346 2791 ²)
380 2740 435 2780 Cf.
468 2740 537 2778 Ed.
569 2739 767 2784 Wfflfflin,
811 2739 960 2777 Archiv
990 2738 1017 2777 f.
1048 2738 1119 2777 lat.
1140 2737 1348 2786 Lexikogr.
1371 2737 1407 2774 V
1438 2735 1488 2786 (a.
1515 2736 1641 2788 1888)
1673 2749 1710 2787 p.
1732 2736 1831 2777 406.

197 2798 372 2844 Ronsch,
406 2799 510 2837 Itala
540 2800 623 2837 und
656 2799 834 2848 Vulgata
865 2811 902 2848 p.
925 2798 1022 2836 401.
1087 2797 1272 2836 Schmalz
1304 2797 1345 2834 in
1376 2796 1403 2836 Ι.
1424 2795 1633 2842 v.M1·iller‚
1677 2796 1829 2836 Hdbch.

197 2857 231 2895 d.
251 2858 375 2898 klass.
399 2859 538 2897 Altert.
562 2859 595 2896 II
628 2856 799 2909 (19104)
833 2870 869 2907 p.
894 2857 979 2896 580
1012 2856 1038 2910 ξ
1061 2857 1158 2898 345.

314 2915 342 2967 ⁸)
376 2917 462 2967 Ulp.
486 2930 549 2968 op.
571 2918 623 2956 XI
647 2918 686 2963 8,
707 2919 785 2964 5,1
821 2916 893 2956 Sed
923 2916 957 2956 si
987 2916 1181 2966 reliqiosus
1210 2915 1312 2954 locus
1343 2915 1421 2953 iam
1453 2915 1575 2963 factus
1603 2915 1663 2957 sit.
1696 2915 1828 2964 ponti-
