1936 3366
772 295 1069 338 -45-

774 425 857 462 vel
882 424 910 463 i.
929 434 970 471 q.
989 435 1066 463 an.

102 509 143 538 v.
165 495 252 538 690
283 497 389 538 ante
421 495 539 552 quod
569 496 698 540 nobis
729 495 895 553 liquere
926 510 1017 540 non
1048 499 1209 554 potest,
1243 497 1282 540 si
1311 510 1402 540 non
1433 497 1571 554 prius,

279 580 532 610 consonans
563 581 678 624 quae
708 568 850 624 prima
879 568 926 610 in
956 567 1047 611 ista
1077 567 1252 625 syllaba
1282 568 1372 611 cui
1403 567 1607 611 scribitur

278 637 310 681 G
330 638 472 693 magis
502 638 575 681 vel
607 639 642 692 Q
673 639 819 682 notari
851 638 1026 694 debeat,
1060 638 1328 696 dispexeris;

100 722 141 751 v.
163 710 249 752 694
281 709 344 752 sic
374 710 493 752 enim
525 711 729 753 constare
760 710 935 767 poterit,
968 724 992 753 e
1024 709 1199 753 duabus
1231 724 1345 767 quae
1378 710 1520 765 magis

278 794 398 823 nunc
426 780 573 824 locum
603 780 770 824 vocalis
801 780 981 836 habeat,
1013 780 1054 823 U
1083 781 1199 838 prior
1227 780 1301 825 vel
1331 781 1351 823 Ι
1381 794 1584 838 sequens,

101 862 394 906 Terentianus
424 863 494 906 his
524 863 632 907 locis
665 868 719 905 vel
748 878 826 921 pro
857 880 908 906 an
927 864 1171 908 insolenter
1200 865 1359 921 posuit.
1402 863 1486 917 Qui
1505 878 1616 908 usus
1640 878 1729 907 non

99 935 186 978 nisi
215 934 262 977 in
298 934 502 978 inferiore
538 934 764 979 latinitate
804 935 1033 979 invenitur
1073 935 1258 978 Krebsio
1299 936 1462 989 teste.²)
1523 934 1683 979 Werth
1699 937 1730 989 ⁹)

99 1004 334 1049 Krebsium
376 1007 495 1049 recte
526 1005 792 1049 iudicavisse
824 1010 973 1062 negat,
1016 1005 1094 1050 sed
1119 1008 1430 1061 argumentum
1462 1020 1550 1050 non
1582 1006 1732 1050 habet.

738 1148 771 1195 †
795 1149 878 1186 vel
902 1148 930 1186 i.
957 1158 998 1195 q.
1025 1151 1093 1187 et.

97 1234 140 1263 v.
164 1220 248 1263 186
280 1219 315 1262 Β
346 1219 498 1263 littera
527 1219 600 1265 vel
629 1220 664 1263 P
696 1221 825 1277 quasi
856 1219 1056 1278 syllabae
1089 1219 1306 1264 videntur.

97 1305 140 1334 v.
161 1291 248 1334 576
280 1293 335 1334 at
365 1291 541 1335 iubam
571 1305 651 1348 pes
682 1293 734 1334 ut
763 1294 956 1348 paretur,
989 1292 1049 1335 sit
1078 1291 1152 1335 vel
1183 1292 1296 1335 alter
1326 1305 1385 1335 ac
1415 1292 1580 1347 vigor.

99 1376 138 1406 v.
160 1363 248 1406 820
278 1365 469 1406 nactus
500 1365 552 1406 ut
583 1362 704 1406 dicas
735 1362 808 1406 vel
839 1365 1015 1420 aptus,
1055 1366 1273 1406 sanctus
1305 1364 1386 1406 aut
1415 1363 1730 1420 Neptunius.

216 1445 299 1489 Hic
327 1449 387 1487 vel
426 1445 537 1490 adeo
577 1446 669 1489 vim
706 1445 942 1503 copulandi
971 1445 1121 1500 habet,
1170 1446 1286 1502 quod
1327 1445 1465 1489 semel
1506 1447 1725 1503 quantum

19 1558 22 1561 .
99 1516 226 1560 video
267 1517 428 1572 legitur
468 1517 587 1574 apud
617 1516 723 1560 Ver
733 1531 771 1572 g.
793 1517 921 1561 Aen.
943 1518 1008 1562 VI
1039 1518 1124 1560 769
1155 1519 1295 1559 Silvius
1325 1520 1466 1559 Aeneas
1499 1520 1638 1569 pietate
1671 1521 1731 1559 vel

96 1591 223 1632 armis
243 1592 418 1642 eyreqius.
465 1588 704 1632 Praeterea
724 1588 942 1645 particula
961 1587 1045 1631 hoc
1066 1602 1202 1631 sensu
1222 1602 1313 1631 non
1334 1590 1485 1631 exstat
1504 1588 1591 1631 nisi
1611 1587 1731 1646 apud

97 1660 330 1717 scriptores
345 1660 598 1716 posterioris
620 1660 831 1714 aetatis,³)
849 1658 969 1716 apud
986 1659 1016 1703 S
1029 1674 1053 1703 e
1065 1659 1093 1702 d
1105 1658 1171 1703 ul.
1189 1673 1223 1703 c.
1239 1661 1310 1703 III
1325 1660 1411 1703 303
1426 1662 1554 1708 Hunc,
1571 1674 1722 1711 precor,

96 1734 248 1782 empucso
287 1734 485 1772 miseratus
524 1737 720 1783 utrumque
748 1734 881 1782 furore
910 1733 1039 1772 Redde
1068 1733 1164 1772 mihi
1197 1734 1255 1772 vel
1282 1733 1394 1772 redde
1423 1734 1506 1780 sibi,
1544 1746 1589 1772 ne
1620 1745 1729 1772 caeca

88 1807 262 1853 potestas.
325 1816 358 1845 c.
379 1803 444 1846 IV
459 1802 546 1845 305
577 1805 639 1844 cui
661 1805 804 1854 palmis
835 1808 980 1854 compta
1014 1805 1073 1843 vel
1100 1817 1276 1854 umquam
1306 1804 1520 1844 Frmzdilms
1555 1805 1726 1843 arboreis

94 1875 239 1915 &tudem
280 1877 489 1915 caelestibus
529 1877 652 1924 ymnis
695 1875 815 1915 Obvia
857 1877 965 1915 turba
1005 1876 1114 1915 dedit.
1183 1887 1217 1916 c.
1246 1872 1286 1915 V
1299 1874 1384 1915 427
1412 1875 1504 1914 Iure
1538 1887 1618 1922 suo,
1661 1876 1728 1925 qui

95 1949 226 1986 cuncta
271 1950 391 1986 tenens
433 1948 574 1986 accelsa
618 1948 675 1986 vel
719 1948 809 1993 ima,
858 1943 1044 2001 aliisque
1085 1944 1203 1989 locis,
1275 1942 1545 1987 Commod.
1587 1957 1717 1987 carm.

96 2014 208 2072 apol.
235 2015 292 2058 59
333 2018 423 2067 quid
455 2049 463 2058 .
485 2049 494 2058 .
517 2051 526 2060 .
556 2019 611 2057 vel
650 2019 819 2068 qualiter.
893 2016 951 2059 90
991 2019 1056 2068 qui
1094 2019 1145 2057 sit
1184 2019 1239 2056 vel
1275 2018 1380 2057 cuius
1419 2018 1568 2057 nomine
1612 2017 1725 2058 adsit.

96 2085 281 2129 Sidon.
302 2086 482 2143 Apoll.
504 2100 570 2143 ep.
590 2087 654 2131 IV
676 2087 733 2129 20
762 2090 870 2129 illum
898 2101 1010 2139 equus
1039 2089 1185 2138 quidem
1207 2089 1379 2138 phaleris
1398 2091 1573 2137 comptus,
1606 2088 1723 2127 immo

95 2161 179 2209 equi
192 2160 430 2200 radiantibus
443 2161 596 2210 yemmis
611 2161 736 2200 <musti
751 2161 1006 2200 antecedebant
1019 2161 1076 2199 vel
1090 2161 1202 2199 etiam
1218 2160 1535 2209 subsequebantur.
1567 2156 1602 2199 P
1616 2171 1644 2200 a
1654 2158 1723 2200 ul.

95 2227 299 2272 Petric.
320 2230 344 2272 I
360 2229 417 2271 20
430 2235 670 2281 praeceptum
689 2244 839 2271 servare
858 2232 917 2270 dei
936 2233 994 2270 vel
1012 2243 1116 2270 nosse
1135 2232 1316 2270 voluntas.
1356 2229 1381 2271 Ι
1399 2228 1483 2270 113
1505 2244 1597 2280 quae
1617 2231 1723 2269 dedi-

94 2314 177 2341 mus
195 2302 257 2341 vel
274 2302 340 2352 qui
364 2302 541 2348 dedimus,
574 2303 779 2352 donumque
805 2303 992 2352 datorque.
1044 2301 1067 2343 I
1083 2300 1182 2353 248,
1206 2299 1303 2342 305.
1344 2300 1391 2342 H
1409 2300 1477 2355 12,
1502 2300 1601 2352 212,
1623 2300 1722 2341 648.

93 2371 164 2413 m
179 2370 249 2425 32,
268 2371 366 2424 211,
383 2371 483 2427 221,
502 2371 599 2414 324.
630 2372 695 2415 IV
711 2372 811 2425 247,
829 2371 928 2425 602,
952 2371 1051 2425 620,
1082 2371 1179 2413 623.
1211 2369 1364 2424 V204,
1388 2371 1485 2424 459,
1504 2370 1603 2424 629,
1621 2370 1721 2413 733.

94 2442 159 2485 VI
174 2442 274 2497 256,
303 2442 402 2498 270,
426 2443 526 2496 369,
549 2443 648 2486 452.
702 2441 807 2499 prol.
830 2456 960 2486 carm.
981 2442 1084 2485 min.
1107 2442 1146 2484 2.
1212 2441 1277 2485 De
1298 2441 1415 2484 visit.
1435 2443 1582 2497 nepot.
1605 2442 1645 2496 3,
1664 2441 1722 2484 80

88 2608 181 2656 fices
211 2611 407 2658 explorare
436 2610 571 2656 debent,
605 2613 780 2660 quatenus
800 2610 975 2660 reliyione
1001 2610 1183 2649 desiderio
1204 2609 1394 2656 reficiendi
1424 2609 1546 2658 operis
1574 2609 1721 2648 meden-

94 2668 184 2707 dum
212 2668 280 2717 sit,·
308 2666 411 2709 ibid.
434 2667 502 2723 27,
519 2668 564 2721 9,
578 2667 604 2709 9
635 2669 853 2714 aaetimabit,
886 2671 1061 2719 quatenus
1087 2672 1163 2707 tam
1194 2669 1369 2707 callidum
1390 2670 1592 2707 comentum
1611 2668 1723 2707 etiam

93 2727 136 2766 in
165 2728 372 2777 &templum
401 2740 564 2768 coercere
592 2729 725 2767 debeat.

213 2785 244 2837 1)
278 2787 333 2825 Gf.
370 2788 737 2833 Krebs-SchmaIZ,
781 2788 1074 2834 Antibarbarus
1123 2788 1190 2825 der
1235 2787 1304 2827 lat.
1338 2787 1526 2835 Sprache,
1575 2787 1637 2827 ed.
1668 2787 1721 2825 VI

95 2858 129 2885 s.
148 2858 187 2884 v.
207 2846 273 2884 vel.

215 2903 244 2955 ²)
275 2905 334 2943 De
365 2905 448 2944 Ter.
471 2918 585 2944 serm.
608 2909 648 2944 et
678 2908 755 2945 aet.
783 2918 820 2956 p.
845 2906 941 2945 354.

214 2961 244 3015 ³)
278 2964 333 3002 Cf.
354 2964 443 3002 Her.
465 2965 638 3011 Rbnsch‚
673 2965 907 3013 Semasilog.
930 2964 1113 3013 Beitrage
1146 2964 1179 3001 II
1211 2963 1260 3015 (a.
1288 2961 1412 3015 1888)
1444 2976 1480 3014 p.
1505 2964 1559 3002 85
1579 2976 1639 3014 sq.
