1936 3366
910 296 1210 339 —20—

241 414 327 469 (Gr.
359 415 454 459 Lat.
477 415 542 460 VI
574 429 613 472 p.
636 415 721 458 451
753 414 839 470 K.):
880 418 1157 458 Barbarismus
1196 421 1250 457 est
1286 419 1423 458 vitiosa
1463 418 1578 458 dictio
1617 419 1730 459 unius
1769 419 1886 468 verbi,

239 491 303 540 qui
338 490 384 537 fit
413 490 536 530 modis
568 493 648 529 octo
656 502 669 528 .·
700 519 1169 532 ............
1193 502 1268 539 per
1298 490 1598 531 inmutationem
1628 490 1885 541 loquellarum,

239 573 285 600 ac
329 562 365 600 si
404 574 579 611 yraecum
609 573 742 600 nomen
772 561 885 600 latine
922 561 1027 601 dicas
1058 562 1117 600 vel
1147 562 1307 600 latinum
1336 573 1468 601 nomen
1498 574 1627 611 yraece
1655 563 1798 602 scribas
1827 563 1886 602 vel

238 633 354 682 dicas,
385 636 427 672 ut
455 635 549 682 puta
579 633 615 672 si
632 633 899 682 philosophum
911 645 986 683 per
1006 634 1032 681 f
1044 633 1198 681 scribas,
1230 645 1315 672 cum
1327 645 1403 683 per
1415 646 1447 683 p
1467 636 1502 672 et
1519 634 1544 672 h
1563 633 1724 673 scribere
1743 634 1883 682 debeas,

237 705 295 743 vel
324 705 360 744 si
389 704 485 753 felix
514 704 658 743 scribas
680 717 754 754 per
776 717 808 754 p
838 707 873 743 et
899 705 936 757 h,
968 717 1051 743 cum
1081 705 1107 753 f
1129 705 1228 744 ratio
1259 704 1396 755 exiqat.

356 772 424 816 Ex
446 773 703 817 Terentiani
733 773 938 817 versibus
972 772 1116 817 elucet
1147 773 1378 828 vulgarem
1409 787 1542 817 usum
1572 773 1646 817 vel
1667 778 1885 818 absusum

240 859 339 888 esse
377 859 510 902 quem
543 845 729 902 scriptor
758 845 1003 903 impugnat,
1046 858 1146 889 cum
1177 845 1440 901 magistrum
1470 845 1561 888 iam
1591 859 1765 903 pueros,
1808 846 1885 904 qui

238 930 447 973 graecum
485 934 519 973 <p
550 931 629 974 per
658 920 684 968 f
708 917 919 972 scribant,
953 931 1101 961 arcere
1134 931 1245 974 opus
1277 931 1376 961 esse
1409 916 1540 962 dicat.
1602 916 1698 971 Quo
1730 919 1885 962 autem

237 991 436 1046 tempore
467 988 513 1032 id
543 989 713 1031 factum
745 988 805 1032 sit
836 989 1111 1045 quaerimus3
1144 988 1462 1032 Terentianum
1493 989 1612 1033 enim
1643 1002 1698 1033 ea
1729 991 1882 1034 aetate

238 1060 418 1116 vixisse,
463 1074 553 1117 qua
593 1059 798 1104 homines
840 1060 987 1103 minus
1030 1059 1149 1104 docti
1190 1074 1282 1104 non
1321 1074 1420 1103 raro
1464 1078 1498 1116 <p
1528 1060 1723 1104 litteram
1756 1074 1834 1118 per
1863 1073 1884 1113 s

238 1132 568 1190 expresserunt,
602 1133 801 1188 apparet.
852 1134 952 1176 Iam
982 1145 1089 1175 vero
1120 1131 1241 1175 hunc
1272 1131 1488 1175 absusum
1520 1132 1699 1176 saeculo
1720 1146 1761 1190 p.
1783 1132 1882 1176 cm.

236 1218 280 1247 n.
325 1203 470 1247 tertio·
508 1204 655 1247 ortum
702 1218 801 1247 esse
848 1204 965 1247 inter
1010 1217 1166 1247 omnes
1213 1205 1403 1247 constat.
1475 1204 1622 1261 Atque
1667 1203 1882 1262 imprimis

237 1275 494 1319 Theodorus
539 1274 806 1330 Mommsen,
852 1275 921 1318 vir
964 1289 1141 1319 summa
1180 1274 1313 1319 laude
1356 1274 1664 1324 celebrandus,
1714 1275 1769 1320 de
1811 1275 1882 1320 his

235 1347 368 1391 rebus
399 1347 540 1391 verba
573 1347 677 1390 fecit
706 1348 753 1390 in
786 1346 1031 1391 clarissima
1062 1347 1438 1391 commentatione
1473 1345 1581 1404 „das
1609 1347 1882 1402 griechische

236 1437 270 1475 φ
300 1419 347 1462 in
378 1418 664 1463 lateinischer
695 1418 916 1476 Sprache“
946 1418 1139 1462 Hermae
1170 1418 1256 1462 vol.
1277 1417 1381 1462 XIV
1413 1421 1464 1473 (a.
1491 1419 1616 1474 1879)
1649 1433 1689 1476 p.
1713 1419 1770 1463 70
1786 1433 1880 1477 sqq.

235 1491 415 1535 inserta.
476 1490 595 1534 Audi
625 1490 757 1534 modo
789 1491 936 1548 ipsum
967 1505 1006 1548 p.
1030 1492 1107 1534 71:
1143 1489 1265 1546 „Wir
1295 1490 1477 1534 werden
1509 1490 1604 1534 also
1637 1505 1757 1535 zwar
1787 1491 1881 1535 ein-

234 1566 421 1606 raumen
452 1563 649 1618 miissen,
684 1561 770 1606 dass
801 1561 821 1605 f
851 1562 944 1606 und
975 1561 1047 1619 ph,
1080 1561 1138 1605 da
1169 1562 1234 1606 sie
1264 1562 1311 1605 in
1343 1561 1420 1606 der
1450 1562 1732 1619 Aussprache
1765 1561 1881 1607 ohne

236 1633 418 1678 Zweifel
450 1633 861 1689 zusammenfiehn,
896 1634 1034 1678 schon
1066 1634 1342 1689 wenigstens
1374 1634 1459 1677 seit
1489 1633 1566 1678 der
1586 1633 1880 1679 neronischen

235 1706 331 1750 Zeit
382 1706 454 1749 bei
500 1706 727 1749 Personen
779 1719 870 1749 von
921 1705 1163 1760 niedrigem
1210 1705 1535 1761 Bildungsgrad
1585 1705 1881 1750 miteinander

234 1777 497 1821 vertauscht
538 1776 722 1821 worden
754 1776 870 1833 sind;
915 1777 1023 1820 aber
1054 1777 1122 1821 bis
1155 1776 1235 1821 auf
1266 1777 1457 1821 Severus
1487 1776 1627 1821 hinab
1658 1777 1880 1833 begegnet

235 1848 356 1893 diese
389 1849 741 1904 Verwechslung
781 1862 831 1892 so
875 1848 1032 1904 selten,
1077 1848 1162 1892 dass
1195 1848 1275 1892 das
1306 1848 1326 1892 s
1355 1849 1415 1891 im
1446 1848 1701 1903 Lehnwort,
1743 1862 1879 1893 wenn

236 1919 305 1964 die
331 1920 542 1964 Inschrift
572 1920 696 1964 nicht
727 1920 1081 1976 allergeringster
1103 1920 1304 1974 Qualitat
1333 1921 1406 1975 ist,
1440 1919 1507 1964 als
1538 1920 1611 1964 ein
1643 1919 1878 1965 sicheres

233 1992 522 2036 Indizium
555 1991 651 2035 der
681 1991 1225 2036 nachseverischen
1252 1991 1378 2035 Zeit
1409 1991 1666 2046 angesehen
1696 1978 1879 2036 werden

235 2063 342 2107 darf.
410 2063 507 2107 Dass
549 2064 631 2106 mit
674 2063 866 2108 Severus
909 2063 979 2107 die
1020 2063 1347 2120 Barbarismen,
1392 2063 1462 2107 die
1506 2063 1667 2107 vorher
1706 2077 1792 2107 nur
1830 2064 1878 2108 in

235 2135 465 2178 einzelnen
496 2134 917 2192 Privatskulpturen
960 2135 1198 2190 auftreten,
1241 2135 1358 2178 auch
1397 2134 1445 2178 in
1482 2134 1552 2178 die
1585 2134 1878 2179 oflentlichen

233 2205 477 2250 Urkunden
510 2206 602 2250 und
633 2207 679 2250 in
713 2207 793 2250 das
817 2206 979 2251 Gebiet
1010 2206 1087 2250 der
1119 2206 1416 2261 eigentlichen
1438 2205 1748 2250 Steintechnik
1779 2207 1875 2250 ein-

235 2278 430 2334 dringen‚
463 2278 523 2321 ist
554 2278 693 2322 sehon
721 2278 957 2322 anderswo
981 2277 1184 2322 bemerkt
1204 2277 1387 2322 worden
1410 2278 1466 2332 (C.
1487 2278 1524 2321 J.
1545 2277 1592 2321 L.
1613 2279 1684 2323 ΙΠ
1704 2292 1744 2336 p.
1761 2278 1875 2333 919).

233 2349 353 2393 Aber
394 2349 545 2393 kaum'
574 2349 800 2405 irgendwo
833 2350 949 2404 zeigt
981 2349 1074 2393 sich
1107 2349 1201 2393 dies
1233 2364 1282 2393 so
1314 2349 1462 2393 scharf
1492 2348 1584 2393 und
1615 2348 1878 2394 umfassend

237 2421 323 2465 wie
365 2421 411 2464 in
454 2421 554 2464 dem
596 2421 862 2478 plotzlichen
892 2420 1124 2465 Eintreten
1167 2421 1245 2465 des
1286 2420 1306 2464 f
1336 2423 1451 2465 statt
1479 2421 1541 2478 ph
1572 2419 1652 2464 auf
1682 2419 1768 2464 den
1799 2420 1875 2465 In-

235 2491 448 2536 schriften
481 2491 623 2536 dieser
652 2491 904 2550 Epoche“.²)

353 2637 383 2691 1)
417 2639 560 2678 Confer
574 2641 782 2689 praeterea
797 2639 867 2677 Th.
881 2639 1069 2685 Claussen,
1090 2639 1152 2677 die
1163 2639 1308 2689 griech.
1322 2639 1481 2677 Worter
1491 2638 1544 2676 im
1557 2638 1875 2678 Franzosisohen

234 2699 275 2736 in
306 2699 472 2737 Roman.
505 2699 750 2748 Forschung.
783 2699 843 2737 ed.
874 2699 921 2739 K.
938 2699 1179 2737 Vollmoller.
1202 2699 1359 2747 Erlang.
1380 2698 1451 2735 XV
1482 2697 1532 2748 (a.
1560 2698 1685 2749 1904)
1714 2710 1751 2748 p.
1768 2698 1873 2738 828:

238 2770 307 2803 „es
355 2757 455 2807 (scil.
492 2758 558 2809 ph)
600 2758 670 2796 fiel
711 2759 752 2796 in
795 2759 870 2796 den
911 2759 1194 2808 ungebildeten
1235 2757 1572 2796 Volksschichten
1614 2758 1741 2797 sehon
1780 2757 1874 2796 truh

233 2817 306 2854 mit
335 2817 352 2854 f
382 2830 631 2856 zusammen:
673 2818 1006 2867 Pompeianische
1036 2818 1190 2867 graffiti
1226 2817 1359 2856 bieten
1387 2817 1529 2863 Dafne,
1564 2817 1704 2863 Fileto,
1732 2817 1870 2867 Fyllis,

234 2875 393 2914 Trofine
426 2876 479 2926 (C.
501 2878 536 2917 J.
558 2878 598 2916 L.
622 2878 686 2923 VI,
722 2877 834 2929 680),
869 2878 951 2915 und
983 2878 1092 2916 diese
1125 2877 1436 2926 Gleichsetzung
1467 2877 1595 2926 drang
1625 2877 1734 2915 dann
1765 2876 1872 2915 auch

233 2937 338 2973 trotz
380 2936 450 2974 des
483 2937 688 2976 Protestes
731 2938 799 2975 der
830 2937 1122 2975 Grammatiker
1162 2937 1203 2974 in
1234 2936 1297 2974 die
1330 2936 1505 2985 Sprache
1537 2936 1606 2975 der
1636 2935 1872 2974 Gebildeten

234 2994 334 3032 ein.“
381 2997 422 3032 et
452 3008 488 3044 p.
512 2996 614 3037 832:
662 2997 881 3046 „Haufiger
921 2997 1022 3035 wird
1065 3010 1099 3049 ‹p
1141 2998 1225 3034 erst
1267 2996 1345 3034 seit
1382 2996 1451 3034 der
1481 2995 1568 3034 Zeit
1599 2995 1670 3034 des
1701 2995 1869 3034 Kaisors
