1936 3366
755 246 1049 326 —.41—

85 399 397 444 satumischen
427 400 599 456 Liedes,
621 400 771 445 indem
801 402 865 445 sie
899 401 980 445 das
1001 401 1108 445 Lied
1139 400 1415 445 skandieren.
1470 402 1576 456 (Das
1605 400 1717 445 wird

85 485 264 515 carmen
296 471 606 516 descindentes
635 472 816 527 heiflen3
849 472 929 516 das
950 472 1080 517 Wort
1109 472 1286 517 verhalt
1312 473 1407 516 sich
1427 487 1482 516 zu
1503 472 1715 516 scandere

84 543 171 587 wie
203 541 437 597 desaltare,
476 543 713 587 decantare
745 559 799 587 zu
830 543 955 587 ihren
989 544 1234 601 Simplicia3
1276 542 1488 588 scandere
1521 543 1628 588 aber
1657 543 1718 587 ist

83 614 130 657 in
163 613 331 657 diesem
363 614 499 658 Sinne
532 629 615 658 aus
646 615 731 658 den
764 614 1123 659 Grammatikern
1153 615 1381 670 bekannt.)
1438 615 1530 659 Das
1561 614 1715 672 Tripo-

85 684 237 729 dieren
289 700 383 730 war
433 686 563 739 eben,
598 686 670 729 ein
717 685 1012 743 Skandieren;
1061 686 1185 744 Jeder
1227 686 1447 730 Halbvers
1498 686 1581 729 mit
1626 686 1715 729 drei

86 755 336 812 Hebungen
367 771 463 801 war
494 757 566 800 ein
595 757 908 815 tripudium.²)“

814 909 981 938 vacate·

85 985 126 1014 v.
149 971 236 1014 204
265 970 297 1013 k
327 971 607 1028 perspicuum
638 973 708 1014 est
736 970 887 1016 littera
919 970 1038 1029 quod
1069 985 1230 1016 vacare
1260 971 1415 1029 possit,

83 1057 125 1085 v.
149 1043 236 1085 214
259 1043 365 1099 quin
387 1043 504 1086 hanc
527 1041 628 1096 (scil.
649 1042 681 1085 k
695 1042 903 1098 litteram)
926 1043 1063 1086 etiam
1078 1043 1355 1098 gramatici
1369 1041 1529 1086 volunt
1543 1056 1715 1086 vacare.

202 1125 366 1169 Lexica
406 1125 578 1169 nullum
618 1124 762 1169 locum
808 1125 1018 1180 afferunt,
1061 1126 1138 1170 ubi
1178 1141 1314 1168 vacare
1357 1125 1442 1170 hoc
1473 1139 1609 1170 sensu
1641 1125 1716 1182 qui

84 1198 156 1240 est
195 1200 313 1239 deesse
352 1196 524 1252 legitur.
585 1197 780 1240 Verbum
812 1199 964 1241 autem
995 1197 1081 1241 hac
1111 1197 1437 1252 significatione
1467 1196 1716 1254 praeditum

83 1268 340 1311 invenimus
373 1268 492 1325 apud
524 1267 698 1311 Claud.
719 1268 847 1312 Mam
858 1270 946 1312 ert.
974 1267 1029 1312 de
1050 1270 1176 1312 statu
1197 1269 1329 1312 anim.
1350 1268 1389 1311 Π
1408 1269 1431 1311 1
1465 1270 1517 1325 (p.
1540 1268 1639 1322 100,
1659 1269 1714 1310 12

86 1338 156 1383 ed.
177 1338 502 1394 Engelbrecht):
533 1345 577 1381 ut
604 1354 671 1381 nec
698 1343 789 1391 falsi
818 1343 946 1381 lateret
975 1343 1146 1391 defensor
1174 1355 1240 1381 nec
1253 1343 1336 1381 veri
1353 1345 1507 1381 vacaret
1524 1341 1715 1393 adsertam

83 1410 190 1454 ibid.
211 1411 231 1453 I
252 1411 310 1453 24
342 1413 395 1468 (p.
412 1411 482 1466 86,
501 1411 590 1465 22):
621 1416 656 1452 et
684 1414 750 1452 ubi
778 1417 888 1452 vacat
918 1414 1012 1453 illud
1042 1414 1139 1463 quod
1168 1414 1330 1455 dicitur:
1358 1413 1505 1463 Diliyes
1525 1412 1715 1452 dominum

85 1478 193 1524 deum
223 1488 336 1524 tuum.
385 1481 571 1526 Sedul.
602 1482 649 1525 in
679 1482 880 1527 Paschal.
912 1496 1043 1526 carm.
1064 1482 1105 1525 V
1130 1483 1230 1525 196:
1275 1483 1464 1524 Ser-ibitur
1499 1488 1534 1523 et
1563 1485 1716 1523 titulus:

85 1556 167 1595 Hic
195 1559 247 1595 est
277 1569 346 1595 rw:
375 1555 612 1602 Iudaeorum,
649 1555 730 1606 Quo
759 1556 857 1595 nihil
885 1569 910 1595 α
940 1556 1072 1595 deitate
1102 1560 1212 1596 vacet.

852 1695 949 1734 siet.

294 1782 335 1811 v.
358 1768 444 1812 209
475 1767 611 1812 refert
640 1767 839 1822 nihilum,
871 1767 902 1810 k
933 1768 1050 1825 prior
1080 1782 1139 1811 an
1171 1782 1199 1824 q
1230 1767 1316 1811 siet
1346 1781 1404 1810 an
1436 1780 1469 1810 c.

201 1851 497 1895 Terentianus
527 1851 610 1895 hoc
631 1850 725 1894 loco
746 1850 935 1894 formam
956 1851 1189 1908 antiquam
1210 1849 1404 1904 adhibet,
1435 1863 1549 1907 quae
1570 1858 1712 1906 usque

82 1923 140 1967 ad
172 1922 391 1966 Ciceronis
431 1924 632 1979 tempora
662 1922 833 1965 usitata
862 1921 960 1966 fuit.
1015 1922 1172 1966 Confer
1203 1921 1304 1965 Cic.
1338 1923 1445 1964 orat.
1471 1921 1575 1965 157:
1616 1922 1711 1963 ‘siet'

84 1997 239 2047 plenum
259 2000 321 2046 est,
347 1996 424 2036 ‘sit'
446 1997 696 2042 imminutum,
720 1997 805 2035 licet
822 1999 930 2035 utare
950 1999 1113 2046 utroque.
1159 1992 1269 2036 Post
1289 1990 1539 2036 Lucretium
1562 1993 1713 2035 autem

85 2064 232 2109 forma
271 2065 447 2109 brevior
485 2068 535 2107 sit
576 2065 833 2120 obtinuit32)
874 2079 1019 2121 neque
1061 2067 1166 2107 ve'ro
1196 2067 1265 2106 siet
1295 2065 1446 2107 exstat
1475 2063 1562 2106 nisi
1592 2063 1712 2120 apud

85 2137 320 2193 scriptores
348 2136 513 2180 aetatis
535 2136 675 2180 multo
696 2136 963 2193 posterioris,
997 2135 1114 2193 apud
1136 2135 1166 2178 S
1179 2126 1256 2179 ol'i
1269 2149 1310 2178 n.
1332 2135 1402 2190 52,
1420 2135 1477 2177 44
1510 2135 1569 2188 (in
1590 2133 1710 2177 codd.

84 2206 201 2251 Leid.
234 2211 279 2251 et
309 2207 459 2262 Paris.)
501 2213 544 2249 ut
584 2210 619 2250 si
661 2210 807 2259 quando
847 2210 897 2249 ad
942 2209 1156 2249 discendum
1188 2209 1316 2259 plagis
1354 2209 1424 2247 siet
1460 2208 1710 2247 admonendis.

86 2278 280 2336 Symm.
311 2279 436 2336 epist.
462 2279 543 2333 1,1
588 2282 677 2331 quid
714 2282 816 2330 facto
856 2275 953 2320 usus
984 2281 1062 2321 siet.
1123 2277 1293 2321 Prisc.
1325 2275 1454 2334 pond.
1487 2278 1533 2319 et
1573 2290 1710 2319 mens.

84 2350 182 2405 135,
216 2351 314 2406 168,
351 2350 448 2405 178,
481 2350 579 2393 200.

205 2517 235 2570 ¹)
268 2520 377 2558 Cous.
411 2520 531 2558 etiam
553 2520 616 2558 W.
639 2519 811 2564 Henzen‚
837 2521 929 2557 acta
948 2518 1117 2556 fratrum
1140 2518 1338 2556 arvalium
1360 2516 1408 2567 (a.
1431 2515 1554 2566 1874)
1577 2528 1614 2565 p.
1633 2516 1710 2554 33:

89 2589 265 2625 „carnum
294 2578 538 2618 descindentae
568 2579 672 2617 idem
703 2579 799 2616 mihi
829 2578 1018 2628 probavit
1039 2589 1129 2616 esse
1159 2577 1467 2626 intellegendum
1495 2574 1710 2623 discindere,

83 2638 108 2677 i.
133 2649 164 2675 e.
195 2637 466 2690 κατασχίζειν,
502 2638 650 2676 dictum
681 2639 816 2676 autem
848 2649 938 2675 esse
970 2649 1041 2686 pro
1067 2636 1272 2674 recitando
1295 2637 1335 2673 et
1356 2635 1475 2685 quasi
1496 2634 1709 2673 dividendo

85 2708 246 2735 carmen
268 2708 318 2734 ex
338 2709 503 2736 numero
521 2699 562 2735 et
581 2697 781 2747 rhythmo,
805 2696 942 2745 itaque
963 2695 1207 2734 doecindentes
1228 2706 1375 2733 carmen
1396 2693 1587 2742 tripodam
1604 2694 1709 2731 idem

84 2767 176 2794 esse
207 2757 330 2804 atque
362 2767 511 2794 camera
542 2755 659 2804 ferire
681 2755 810 2805 pede.“

203 2811 231 2865 ²)
265 2814 375 2852 Conf.
406 2815 751 2864 Neue-Wagener,
796 2814 1071 2852 Formenlehre
1103 2814 1171 2851 der
1206 2812 1274 2850 lat.
1298 2812 1446 2850 Srache
1468 2811 1521 2849 III
1552 2824 1591 2862 p.
1612 2811 1709 2851 595.

82 2873 123 2914 L.
144 2873 296 2919 Muller,
330 2874 387 2911 De
418 2886 459 2911 re
490 2872 684 2912 metrica²
714 2886 751 2923 p.
775 2874 871 2913 513.
