1936 3366
895 296 1192 339 —13-

228 418 326 471 Qua
366 418 518 460 tamen
559 429 605 459 re
647 428 737 459 non
777 414 1050 472 impedimur,
1092 414 1330 471 quominus
1360 413 1677 459 Terentianum
1717 412 1864 471 ipsum

228 492 254 530 h
299 488 495 531 litteram
542 501 618 545 pro
666 488 941 530 consonante
987 485 1275 543 usurpavisse
1317 485 1651 530 contendamus
1722 484 1865 543 Saepe

233 560 349 603 enim
392 558 562 602 factum
605 560 686 614 est,
729 560 782 601 ut
822 558 1055 615 scriptores
1091 557 1212 612 leges
1244 556 1595 614 conscripserint,
1637 569 1750 614 quas
1780 554 1865 613 ipsi

232 634 391 688 postea
420 629 672 674 inconsulto
703 628 997 673 violaverunt.
1058 629 1296 672 Praeterea
1326 628 1621 673 Terentianus
1652 626 1739 672 alio
1769 626 1865 671 loco

238 703 380 760 operis
407 702 454 745 in
475 701 618 745 medio
640 700 860 758 relinquit,
893 702 1045 744 utrum
1064 703 1089 742 h
1109 700 1169 744 sit
1188 699 1340 744 littera
1360 713 1418 743 an
1441 702 1551 743 nota
1571 698 1866 757 aspirationis.

230 773 380 817 Verba
412 776 565 817 autem
597 774 705 816 sunt
733 772 845 816 haec
874 772 921 815 in
951 786 994 816 v.
1016 772 1102 815 212
1119 786 1182 829 sq.
1472 781 1474 785 ’

515 849 611 887 nulli
641 847 795 887 dubium
824 850 877 887 est
906 846 1079 896 faucibus
1107 846 1236 886 emicet
1263 846 1360 897 quod
1388 845 1483 896 ipsis

513 919 562 958 H
593 919 731 966 littera,
764 919 843 958 sive
872 921 926 958 est
952 921 1052 964 nota,
1086 931 1178 968 quae
1207 918 1324 968 spiret
1350 917 1532 957 anhelum.

350 999 472 1054 Quae
484 1014 584 1044 cum
595 1000 661 1043 ita
678 1014 726 1043 se
739 999 951 1054 habeant,
968 999 1094 1043 hvim
1111 997 1398 1042 consonantis
1414 997 1532 1055 apud
1550 996 1867 1041 Terentianum

232 1072 399 1116 habere
441 1070 731 1116 statuendum
776 1072 856 1114 est.
918 1070 1003 1124 Qui
1037 1083 1148 1113 usus
1178 1069 1431 1127 posterioris
1462 1068 1626 1113 aetatis
1655 1067 1867 1112 indicium

237 1148 317 1187 est.
362 1143 516 1200 Neque
539 1143 656 1187 enim
679 1141 797 1200 apud
818 1141 958 1185 ullum
979 1141 1147 1186 saeculi
1167 1156 1207 1198 p.
1231 1140 1325 1184 Chr.
1342 1155 1384 1184 n.
1407 1138 1590 1184 secundi
1610 1140 1867 1197 scriptorem

230 1215 349 1259 idem
391 1218 462 1259 est
491 1214 803 1259 observatum.
865 1212 1103 1257 Christiani
1134 1214 1287 1257 autem
1326 1213 1520 1269 poetae1)
1558 1214 1604 1256 et
1634 1210 1869 1268 scriptores

239 1287 405 1331 saeculi
436 1286 583 1344 quarti
608 1290 633 1328 h
664 1285 953 1330 consonantis
973 1285 1069 1329 vice
1085 1298 1221 1342 saepe
1238 1283 1549 1328 adhibuerunt.
1595 1282 1667 1327 Sic
1681 1282 1869 1338 legimus

232 1358 314 1402 hos
346 1372 520 1403 versus:

351 1430 586 1474 Juvenc.
616 1432 640 1474 I
671 1430 776 1473 301:

517 1504 673 1544 Sedibus
703 1507 738 1543 et
765 1503 934 1543 domibus
962 1506 1093 1542 natum
1123 1502 1164 1541 in
1191 1498 1196 1557 Ι
1223 1502 1391 1541 habitare
1419 1513 1558 1557 necesse
1587 1503 1649 1540 est.

353 1573 574 1617 Paulin.
603 1572 722 1616 Nol.
754 1574 821 1618 IX
851 1573 925 1615 41:

517 1648 713 1688 Moenibus
742 1647 904 1687 aeternis
933 1646 1173 1686 Hierusalem
1199 1644 1206 1699 Ι
1232 1645 1422 1684 habitabit.

356 1718 566 1760 Auson.
596 1715 700 1759 XVI
731 1716 770 1771 9,
792 1716 837 1760 9:

526 1791 675 1831 Tertius
701 1787 707 1846 Ι
733 1790 868 1830 horum
896 1789 992 1828 mihi
1020 1801 1095 1829 non
1124 1789 1300 1839 maqister
1329 1783 1532 1842 (Sapph.).

354 1859 539 1904 Sedul.
571 1874 604 1904 c.
635 1860 786 1916 pasch.
806 1860 876 1903 III
907 1858 1011 1901 296:

526 1934 595 1974 Vir
621 1932 626 1989 Ι
653 1934 807 1973 humilis
835 1935 975 1972 maesto
1003 1932 1160 1971 detkcius
1191 1931 1334 1970 lumina
1363 1930 1478 1970 wiltu.

356 2002 545 2047 Sedul.
576 2003 727 2061 hymn.
758 2004 806 2047 H
836 2002 910 2045 29:

518 2077 653 2117 Hostis
682 2076 852 2116 Herodes
881 2076 996 2125 impie
1026 2072 1140 2127 (dim.
1171 2071 1318 2126 iamb.)

354 2145 568 2190 Orient.
600 2159 753 2190 comm.
782 2147 817 2200 I,
851 2145 952 2188 192:

520 2220 658 2259 Mutua
688 2220 917 2269 constrinqet
945 2230 1037 2258 cura
1065 2217 1227 2257 hominis
1253 2213 1260 2272 Ι
1286 2217 1480 2257 hominem.

355 2289 614 2348 Cyprian.
647 2287 789 2332 Gall.
820 2285 957 2331 Exod.
979 2287 1083 2331 362:

528 2363 712 2402 Traditur
741 2365 777 2401 et
803 2362 949 2401 nullum
971 2363 1134 2412 putatur
1160 2357 1166 2416 Ι
1192 2360 1279 2400 hinc
1307 2360 1391 2409 fore
1420 2359 1608 2399 damnum.

358 2432 617 2490 Cyprian.
650 2430 790 2475 Gall.
824 2429 1086 2474 Exod.540:

522 2505 655 2546 Donec
681 2501 688 2561 Ι
714 2505 776 2545 hic
798 2505 963 2555 populus
993 2505 1063 2543 tibi
1090 2504 1310 2554 redemptus.

356 2574 530 2619 Hilar.
562 2573 616 2618 de
647 2577 827 2632 martyr.
858 2573 1051 2617 Maccab.
1074 2573 1178 2616 277:

500 2649 645 2695 ‘Ducit
671 2645 678 2702 Ι
704 2649 772 2688 heu
803 2660 915 2687 curas
945 2650 980 2686 et
1008 2647 1087 2686 iam
1116 2657 1195 2696 ,φῶ
1224 2658 1269 2685 ac
1299 2646 1412 2684 timor
1440 2656 1526 2683 una.

357 2717 682 2761 Maximian.
714 2716 771 2760 IV
804 2717 878 2760 57:

524 2791 570 2831 Si
599 2792 682 2841 quis
708 2787 714 2846 Ι
740 2791 808 2830 has
832 2791 954 2840 possit
982 2792 1141 2829 naturae
1170 2788 1348 2838 attinqere
1373 2789 1512 2837 partes.

364 2933 393 2985 ¹)
427 2935 536 2976 Conf.
578 2935 640 2974 W.
673 2935 822 2980 Christ.
871 2934 1013 2972 Metrik
1059 2933 1128 2971 der
1174 2931 1367 2971 Griechen
1410 2931 1492 2968 und
1539 2930 1694 2974 Romen
1741 2927 1874 2978 Leipz.

242 3006 279 3033 a.
309 2992 451 3039 18722,
485 3006 575 3044 pag.
603 2994 654 3032 14
677 2993 703 3046 ξ
723 2994 778 3032 20
802 2996 842 3032 et
861 2994 901 3032 L.
924 2993 1075 3038 Mffller,
1106 2992 1154 3030 de
1175 3003 1216 3030 re
1237 2990 1414 3035 metrica,
1448 3002 1484 3029 a.
1507 2987 1639 3029 1894*
1669 2998 1759 3038 pag.
1774 2986 1874 3028 882.
