1936 3366
911 282 1211 326 ..3ο-

229 404 329 443 iuter
358 416 395 443 se
426 405 592 453 conlisio,
623 416 716 454 quae
747 404 945 453 trifariam
975 404 1105 451 evenit,
1138 404 1180 444 id
1204 407 1258 444 est
1268 417 1342 455 per
1362 403 1634 459 συναλοιφὴν,
1665 403 1875 459 ἔκθλιψιν,

230 474 557 529 συνεκφώνησιν
588 472 659 516 vel
691 475 939 529 συναίρεσιν.

765 625 958 654 consona
983 615 1041 663 (cf.
1059 618 1169 654 Thes.
1187 618 1241 654 IV
1257 616 1351 663 484).

349 702 390 731 v.
414 688 471 731 86
502 686 677 732 vocalia
708 687 929 745 quaedam
961 690 1225 743 memorant,
1259 702 1456 733 consona
1487 687 1719 746 quaedam.

230 770 339 815 item
380 785 421 815 v.
454 771 533 826 893
580 786 621 815 v.
656 772 763 828 1523
812 786 853 815 v.
882 773 985 827 171;
1026 786 1068 816 v.
1103 773 1206 828 1743
1246 773 1425 830 v.{176;
1472 786 1514 816 v.
1547 772 1652 828 2913
1698 786 1740 816 v.
1771 763 1878 829 5423

230 857 272 886 v.
295 842 400 898 5553
442 857 483 887 v.
506 843 611 900 5593
654 857 693 887 v.
715 843 823 900 5643
862 858 904 887 v.
926 844 1032 899 5723
1072 858 1113 888 v.
1135 844 1241 900 5753
1281 858 1323 887 v.
1345 844 1451 900 5793
1492 858 1533 888 v.
1555 844 1660 899 5813
1702 857 1743 887 v.
1767 843 1878 900 5943

230 929 272 958 v.
296 914 401 970 5973
443 929 485 958 v.
507 915 613 971 6043
654 928 695 958 v.
718 916 822 969 614;
864 929 907 959 v.
929 916 1034 971 6243
1076 930 1118 960 v.
1141 916 1245 971 6283
1286 930 1328 960 v.
1350 916 1457 971 6383
1497 929 1539 958 v.
1562 915 1667 972 7503
1707 929 1750 959 v.
1773 916 1879 972 7543

230 1001 273 1030 v.
298 986 403 1043 7583
443 1001 486 1030 v.
509 986 613 1042 7603
655 1001 696 1030 v.
720 987 825 1042 7613
867 1001 908 1030 v.
932 987 1036 1043 7693
1078 1002 1119 1031 v.
1144 988 1248 1042 7713
1289 1002 1330 1031 v.
1354 988 1457 1043 7753
1498 1002 1540 1030 v.
1564 987 1668 1044 7783
1708 1000 1751 1031 v.
1773 987 1878 1043 7893

230 1072 272 1102 v.
302 1058 406 1114 7943
447 1073 488 1102 v.
512 1059 616 1114 8163
658 1073 699 1103 v.
722 1059 826 1114 8343
868 1073 910 1103 v.
932 1059 1037 1115 8483
1080 1074 1120 1102 v.
1143 1059 1249 1115 857;
1292 1073 1332 1103 v.
1355 1059 1461 1115 9363
1500 1073 1542 1103 v.
1563 1059 1669 1114 9373
1709 1072 1752 1103 v.
1771 1059 1879 1116 9443

230 1144 273 1173 v.
298 1129 404 1185 9523
444 1144 485 1173 v.
508 1130 614 1185 953;
654 1144 696 1175 v.
714 1130 819 1187 9593
849 1145 903 1174 tv.
925 1131 1031 1186 9743
1072 1145 1114 1174 v.
1137 1131 1242 1186 9843
1282 1145 1325 1175 v.
1349 1131 1482 1187 10203
1512 1145 1554 1174 v.
1578 1130 1710 1180 1031;
1744 1129 1899 1193 10703.

230 1216 272 1245 v.
303 1201 436 1257 1109;
477 1216 519 1246 v.
545 1202 679 1257 1111;
719 1217 761 1246 v.
785 1203 918 1259 1119;
960 1217 1003 1248 v.
1028 1203 1159 1259 11373
1202 1217 1241 1247 v.
1267 1203 1398 1259 1164;
1439 1216 1481 1246 v.
1506 1203 1637 1252 1184;
1679 1216 1721 1247 v.
1745 1202 1879 1259 1186;

230 1287 272 1317 v.
303 1273 436 1329 1189;
477 1288 518 1317 v.
544 1274 677 1329 11923
717 1288 759 1318 v.
783 1274 918 1331 12033
958 1289 1000 1318 v.
1025 1275 1158 1330 12253
1200 1289 1241 1318 v.
1266 1274 1400 1331 12313
1440 1288 1482 1318 v.
1506 1273 1637 1330 13203
1678 1287 1720 1318 v.
1745 1273 1878 1330 1661;

231 1359 272 1388 v.
296 1345 424 1389 1773.

352 1428 648 1473 Terentianus
669 1430 715 1473 in
738 1430 945 1474 omnibus
966 1430 1036 1474 his
1053 1430 1257 1474 versibus
1278 1444 1420 1485 genus
1441 1429 1706 1474 femininum
1728 1427 1876 1474 adiec-

232 1501 317 1545 tivi
368 1516 548 1544 consonus
598 1500 803 1546 adhibuit
848 1516 926 1559 pro
977 1502 1295 1559 „eonsonans“.
1366 1501 1451 1556 Qui
1496 1516 1607 1546 usus
1651 1500 1880 1546 invenitur

232 1571 351 1630 apud
392 1572 771 1617 Consentium
812 1587 994 1629 gramm.
1015 1573 1056 1617 V
1078 1574 1178 1629 399,
1202 1575 1228 1618 7
1260 1576 1409 1617 ‘emicat
1435 1577 1632 1626 Euryalus
1665 1579 1702 1616 et
1728 1587 1880 1616 munere

230 1649 354 1687 victor
389 1648 529 1687 amicz'.
591 1661 680 1688 nam
710 1648 804 1696 ⁰-lus
834 1648 880 1688 et'
911 1649 991 1688 sine
1020 1649 1133 1688 dubio
1163 1661 1238 1688 nou
1266 1652 1343 1689 stat
1364 1649 1500 1698 priore
1522 1651 1647 1699 parte,
1687 1647 1876 1699 quomam,

239 1733 324 1760 cum
364 1720 508 1759 brevem
547 1721 712 1760 vocalem
751 1733 828 1760 uua
870 1732 1030 1761 consona
1069 1722 1246 1771 sequitur,
1287 1721 1409 1760 brevis
1440 1723 1649 1771 permanet,
1690 1715 1878 1774 aliisque

231 1789 351 1833 locis.

352 1860 591 1904 Praeterea
637 1876 799 1904 consona
844 1862 1061 1905 terminus
1107 1861 1338 1905 technicus
1379 1875 1511 1918 quem
1551 1859 1683 1905 hodie
1724 1858 1880 1904 dicunt

236 1932 504 1976 musicorum
537 1934 690 1976 exstat
720 1932 839 1990 apud
861 1933 1055 1977 Boeth.
1076 1947 1188 1978 mus.
1209 1934 1279 1988 4,1
1314 1935 1506 1975 Consonae
1535 1938 1622 1974 sunt
1649 1947 1742 1985 quae
1765 1933 1880 1975 simu

229 2008 365 2058 pulsae
403 2020 554 2047 suavem
586 2008 894 2058 permixtumque
923 2008 1023 2048 iuter
1051 2020 1089 2047 se
1120 2008 1346 2058 coniunyunt
1372 2019 1515 2049 sonum.
1576 2004 1618 2060 5,
1641 2005 1667 2046 7
1701 2016 1880 2046 consonae

236 2082 418 2119 vocantur
447 2092 539 2129 quae
570 2079 761 2129 copulatae
790 2079 931 2119 miaetos
960 2091 1158 2129 suavesque
1188 2079 1362 2128 officiunt
1391 2091 1509 2119 sonos.

983 2231 1128 2270 dictio.

376 2319 417 2348 v.
442 2305 555 2348 1317
588 2303 817 2348 vinculum
848 2318 955 2348 nam
986 2304 1135 2359 signat
1165 2303 1256 2348 ista
1287 2304 1547 2359 congregale
1579 2303 1724 2357 dictio.

354 2391 469 2431 dictio
499 2388 525 2431 i.
548 2402 585 2445 q.
618 2402 695 2430 vox
724 2387 798 2431 vel
830 2390 979 2429 verbum
1010 2389 1163 2431 exstat
1193 2386 1313 2444 apud
1333 2386 1459 2432 Mar.
1481 2387 1624 2431 vict„
1640 2385 1702 2430 VI
1721 2387 1765 2443 5,
1787 2386 1815 2430 2
1836 2385 1878 2430 Κ

235 2463 352 2503 dictio
381 2465 435 2502 est
462 2462 588 2513 fiqura
617 2461 915 2513 siym’ficantium
934 2474 1081 2515 vocum3
1113 2458 1394 2503 Diomed.1
1414 2459 1515 2512 422,
1541 2459 1595 2502 18
1616 2458 1658 2502 Κ
1676 2461 1746 2501 hae
1765 2461 1878 2500 etiam

234 2534 378 2574 mediae
417 2534 595 2574 dicuutur
631 2533 720 2584 quia
750 2534 791 2573 in
821 2533 1042 2584 quibusdam
1072 2534 1294 2573 dictionibus
1325 2545 1538 2583 expressum
1566 2544 1698 2572 sonum
1726 2532 1875 2579 Ιιαὺαιίς

235 2603 367 2647 Prisc.
388 2603 439 2658 ΙΙ,
467 2604 489 2646 1
523 2617 562 2660 p.
585 2603 655 2658 44,
691 2603 746 2646 16
768 2602 811 2645 Η
835 2618 911 2655 pro
943 2619 995 2646 ov
1025 2608 1149 2644 autem
1177 2618 1204 2644 u
1234 2605 1275 2644 in
1297 2604 1455 2644 Graecis
1484 2604 1708 2644 dictionibus
1735 2615 1879 2654 semper

235 2678 276 2716 in
299 2678 494 2728 principio
525 2678 713 2717 iuvenitur
742 2677 920 2730 syllabae3
963 2673 1066 2718 ibid.
1098 2688 1137 2731 p.
1158 2675 1228 2729 51,
1256 2674 1310 2717 15
1331 2676 1466 2715 Distat
1490 2675 1636 2724 syllaba
1665 2688 1691 2715 a
1719 2675 1900 2715 dictione·

234 2752 269 2787 et
308 2761 431 2795 sensu;
472 2750 549 2789 uisi
588 2750 686 2789 euim
716 2749 890 2798 sciamus,
927 2748 1108 2800 quomodo
1130 2748 1260 2799 posita
1288 2748 1339 2787 sit
1366 2747 1510 2797 syllaba
1539 2747 1580 2786 in
1610 2747 1783 2794 dictione,
1815 2747 1879 2787 in·

236 2823 376 2859 certum
406 2824 468 2867 est,
503 2833 573 2871 quo
604 2824 756 2861 accentu
786 2833 868 2860 eam
892 2820 1194 2870 pronuntiemus:
1224 2819 1367 2868 syllaba
1396 2819 1495 2858 enim
1518 2831 1591 2869 per
1614 2830 1663 2864 se,
1698 2818 1775 2859 nisi
1792 2829 1877 2858 cum

235 2891 286 2929 sit
328 2891 453 2938 dictio,
495 2905 642 2933 sensum
680 2893 813 2932 habere
851 2904 927 2932 non
951 2895 1085 2942 potest.
1146 2888 1317 2932 Prisc.
1339 2887 1390 2943 ΙΙ,
1415 2888 1470 2931 14
1501 2901 1542 2945 p.
1563 2887 1621 2932 53
1652 2886 1699 2931 in
1730 2885 1876 2945 capito

237 2958 356 3015 quod
387 2960 641 3005 inscribitur
670 2964 714 3003 de
743 2964 914 3005 dictione.
