1936 3366
754 273 1050 317 —37-

197 390 323 445 Quod
364 391 647 448 adiecfivum,
690 405 791 435 cum
831 391 1038 436 breviata
1079 390 1256 449 syllaba
1289 391 1432 448 prima
1460 390 1647 445 legatur,
1690 405 1718 433 a

76 466 185 505 mora
225 461 518 507 derivandum
550 477 648 507 esse
680 465 911 520 apparet.¹)
975 463 1133 521 Itaque
1166 462 1398 506 Brissaeus
1431 463 1477 505 et
1505 461 1717 505 Bartbius

77 536 196 578 recte
225 534 505 592 interpretati
535 536 642 578 sunt
676 533 848 591 „longa‚
881 533 1064 591 prolixa,
1101 532 1376 588 taediosa“.²)
1437 531 1717 576 Vocabulum

77 605 345 649 Terentiano
386 607 570 663 excepto
613 605 801 649 occurrit
841 605 962 662 apud
998 604 1255 649 Cassian.
1283 603 1385 649 Goll.
1408 605 1475 659 17,
1491 604 1533 658 5,
1551 604 1578 647 3
1603 606 1716 656 polli-

77 679 287 718 citationem
302 679 391 726 fidei
404 682 553 718 nostrae
567 680 737 729 quamvis
751 691 898 719 moroso
913 679 1037 718 reditu
1054 679 1289 718 solveremus.
1329 675 1374 718 M
1385 676 1485 719 art.
1507 674 1539 718 G
1550 689 1616 732 ap
1629 675 1678 718 el
1690 674 1717 719 l.

76 748 123 792 H
140 748 226 790 219
263 751 496 790 Transcursa
533 752 645 790 lector
666 754 780 800 parte
809 763 946 800 magma
975 751 1117 799 fabula,
1162 749 1265 800 Quae
1295 753 1372 789 tam
1400 749 1557 789 morosis
1585 749 1716 798 impli-

77 824 165 860 cata
196 821 375 861 ductibus.

788 937 819 985 -ζ-
845 937 1007 984 parilis.

75 1024 117 1053 v.
140 1009 226 1052 263
289 1011 336 1052 et
366 1011 506 1065 σίγμα,
539 1009 657 1067 quod
687 1009 787 1053 istis
818 1009 945 1066 parili
976 1008 1082 1052 sede
1113 1008 1331 1064 vibratur3

75 1091 117 1124 v.
142 1080 229 1123 265
289 1079 444 1123 itidem
474 1080 601 1137 parili
632 1079 736 1124 sede
768 1081 896 1137 sequi
926 1098 959 1137 φ
993 1094 1181 1137 quoque,
1213 1081 1311 1123 tum
1341 1084 1403 1135 ψῖ.

75 1165 118 1195 v.
144 1151 258 1194 1568
289 1150 420 1194 binas
450 1151 611 1208 pariles
643 1153 719 1208 qui
750 1151 834 1195 sibi
866 1151 1066 1209 syllabas
1097 1151 1341 1195 habebunt.

74 1237 116 1267 v.
143 1223 256 1266 1968
289 1223 463 1266 obrue
494 1237 597 1266 nos
627 1222 980 1280 Danaosque
1013 1222 1184 1266 simul
1214 1222 1399 1279 parilem
1430 1221 1551 1266 dedit
1581 1221 1654 1266 illi.

75 1307 117 1337 v.
141 1294 257 1337 2696
288 1307 371 1337 nec
402 1307 493 1337 non
525 1294 760 1338 continuos
791 1296 884 1338 tres
915 1292 1079 1351 pariles
1111 1292 1233 1337 dedit
1265 1293 1366 1347 (scil.
1388 1297 1571 1348 versus).

74 1379 117 1409 v.
140 1365 257 1408 2804
287 1378 444 1408 versus
475 1365 547 1408 hic
576 1365 711 1419 igitur
741 1366 851 1408 sunt
880 1364 1042 1422 pariles
1074 1365 1173 1408 duo.

195 1447 291 1501 Quo
337 1447 555 1492 vocabulo
601 1448 672 1491 usi
719 1450 826 1492 sunt
870 1449 961 1492 iam
1003 1448 1182 1491 Lucre
1196 1450 1227 1491 t.
1259 1447 1278 1490 I
1311 1448 1425 1492 1065
1472 1450 1519 1492 et
1559 1447 1712 1492 Ovid.

74 1522 254 1563 metam.
287 1519 386 1562 VIII
408 1520 507 1565 631.
569 1519 682 1563 trist.
713 1520 794 1566 18.
815 1520 883 1564 26.
945 1519 1111 1563 Postea
1151 1519 1421 1563 adiectivum
1460 1518 1713 1563 invenimus

75 1590 253 1634 demum
300 1590 420 1647 apud
460 1590 673 1634 Nemes.
706 1590 783 1636 ecl.
814 1590 888 1645 IV,
907 1592 934 1634 5
979 1593 1087 1643 Iynis
1131 1596 1231 1642 erat;
1268 1593 1479 1643 parilis-oue
1517 1594 1630 1642 furor
1670 1593 1714 1632 de

74 1665 227 1714 dispare
265 1677 368 1706 sexu.
429 1661 735 1705 Charisius
781 1664 934 1705 autem
978 1661 1239 1705 adverbium
1271 1665 1452 1714 pariliter
1493 1661 1711 1715 adhibuit,

74 1733 176 1777 inst.
198 1747 333 1788 gram.
354 1732 427 1777 lib.
447 1733 487 1776 Π
518 1733 562 1789 (I,
582 1734 668 1776 214
689 1733 760 1788 K):
793 1736 948 1775 Pariter
971 1749 1048 1785 pro
1072 1736 1254 1785 par-aiter
1274 1735 1416 1784 Cicero,
1445 1739 1489 1775 ut
1516 1735 1714 1775 Maximus

74 1810 189 1846 notat.
220 1807 396 1859 similiter
425 1810 460 1846 et
487 1807 603 1846 Maro
623 1807 700 1848 XI.

771 1934 1018 1981 pastoralis.

208 2020 249 2049 v.
272 2007 387 2049 2123
419 2006 644 2063 pastorale
675 2005 799 2050 volet
831 2020 931 2050 oum
962 2006 1061 2063 quis
1095 2019 1356 2063 componere
1388 2019 1577 2049 carmen.
1605 2008 1607 2010 ’

192 2092 390 2132 Pastor-ale
419 2105 568 2132 carmen
598 2089 715 2133 idem
747 2092 817 2134 est
848 2088 966 2146 quod
997 2104 1149 2131 carmen
1180 2092 1394 2132 bucolicum.
1447 2088 1570 2141 Quae
1602 2102 1709 2132 con-

73 2161 240 2205 iunctio
276 2161 512 2204 verborum
542 2161 620 2204 vix
651 2161 757 2205 alibi
789 2162 940 2204 exstat
971 2163 1109 2218 atque
1142 2159 1261 2218 apud
1290 2159 1536 2204 Diomed.
1568 2159 1707 2215 1486,

76 2233 130 2274 17
152 2231 194 2274 Κ
222 2234 407 2274 Bucolica
436 2235 615 2274 dicuntur
636 2238 812 2285 poemata
851 2235 1049 2274 secundum
1092 2247 1241 2274 carmen
1274 2234 1467 2284 pastorale
1496 2235 1709 2283 composita.

75 2303 202 2347 Certe
244 2303 425 2347 Servius
471 2302 629 2359 differt,
677 2304 752 2360 qui
798 2317 971 2361 semper
1016 2318 1165 2345 carmen
1205 2306 1408 2344 bucolicum
1428 2302 1623 2359 >scripsit
1662 2302 1710 2345 in

73 2375 295 2431 prooemio
339 2375 642 2418 commentarii
683 2376 729 2418 in
762 2374 890 2430 Verg.
916 2374 1034 2430 Buc.‚
1079 2387 1350 2431 quamquam
1389 2377 1469 2415 vita
1503 2377 1710 2426 pastoralis

74 2445 297 2489 interdum
337 2446 499 2503 posuit.
561 2446 641 2489 De·
667 2449 805 2489 cantu
846 2446 930 2489 hoc
960 2445 1232 2489 vocabulum
1265 2448 1475 2497 pastoralis
1505 2443 1709 2488 adhibuit

75 2515 456 2572 Claudianus,
491 2517 544 2561 de
577 2517 813 2561 consulatu
845 2517 1098 2561 Stilichonis
1129 2517 1160 2570 Ι,
1186 2517 1270 2560 182
1304 2520 1356 2573 (p.
1380 2516 1463 2559 195
1496 2514 1563 2560 ed.
1583 2515 1707 2570 Birt):

82 2590 130 2628 Te
170 2602 310 2629 memor
340 2591 520 2639 Eurotas,
563 2594 594 2630 te
633 2592 777 2630 rustica
809 2591 924 2630 Musa
956 2590 1110 2640 Lycaei,
1158 2590 1208 2629 Te
1240 2590 1430 2639 pastorali
1468 2589 1708 2629 modulantur

74 2661 254 2700 Maenala
284 2665 404 2701 cantu.

196 2814 225 2866 ¹)
259 2816 315 2856 Cf.
336 2816 377 2854 L.
394 2817 546 2862 Monet,
579 2817 636 2855 De
667 2829 709 2855 re
740 2814 925 2855 metrica²
955 2828 991 2865 p.
1010 2815 1107 2853 454.
1159 2815 1311 2860 Werth‚
1346 2815 1404 2852 De
1426 2814 1511 2853 Ter.
1533 2817 1643 2853 metr.
1666 2817 1706 2853 et

75 2875 219 2913 elocut.
250 2886 287 2924 p.
311 2875 378 2913 26.

196 2932 225 2983 Ξ’)
258 2934 313 2974 Cf.
335 2934 551 2983 Hephaest.
574 2936 633 2975 ed.
657 2935 856 2973 Gaisford.
903 2936 931 2972 t.
954 2934 989 2971 II
1035 2946 1072 2983 p.
1097 2933 1192 2971 633.
