1936 3366
767 294 1065 338 -59-

217 411 305 455 Sed
346 410 465 469 apud
504 411 731 456 Romanos
774 427 918 470 paene
959 412 1210 457 inauditum
1252 415 1324 458 est
1363 414 1489 458 verbi
1528 414 1734 458 tribrevis

96 481 288 527 mediam
322 482 541 540 syllabam
573 483 646 527 vel
673 484 992 528 vocabulorum
1013 484 1235 529 tribracho
1257 485 1489 530 finitorum
1508 484 1733 543 paenulti—

96 567 217 597 mam
258 552 477 612 syllabam
519 568 690 598 acuere.
762 557 915 613 Neque
958 557 1149 600 scaenici
1188 570 1334 614 neque
1374 557 1528 614 prioris
1569 556 1733 600 aetatis

96 626 257 681 poetae
298 625 429 668 binas
470 627 698 669 ternarum
739 626 941 670 brevium
983 627 1256 685 syllabarum
1293 628 1474 672 ultimas
1505 642 1582 686 pro
1613 627 1733 671 thesi

96 697 351 752 posuerunt.
402 698 464 740 At
493 710 599 740 vero
630 698 884 754 posterioris
916 699 1081 742 aetatis
1113 699 1346 756 scriptores
1377 713 1579 743 normam
1608 698 1732 742 illam

95 766 381 811 violaverunt
427 769 473 811 et
511 768 629 812 hanc
668 768 894 812 licentiam
937 770 1021 813 sibi
1062 772 1358 827 sumpserunt.
1432 770 1503 814 Sic
1542 770 1731 826 legimus

97 837 216 894 apud
245 839 441 882 Avien.
474 841 544 893 (or.
566 842 747 895 mar.):1)

309 936 350 965 v.
371 922 459 965 368
489 925 604 975 aqere‘
628 926 811 972 carinam,
844 927 1005 966 eximere
1035 928 1146 967 classi
1167 928 1342 978 pondera

307 1007 350 1036 v.
371 993 458 1036 553
482 998 647 1046 popalas
676 997 806 1047 agebat
834 998 933 1037 inter
962 999 1070 1038 avios
1099 1000 1215 1051 loe-033

307 1079 350 1108 v.
371 1065 458 1108 606
490 1069 618 1117 capita
644 1068 828 1118 iuqorum,
862 1082 1016 1109 rursum
1045 1070 1222 1110 harenosi
1250 1071 1322 1110 soli

307 1150 349 1179 v.
371 1136 457 1179 628
488 1139 651 1189 Liqares
681 1140 732 1179 ad
761 1140 902 1180 andam
931 1144 1040 1181 semet
1068 1141 1217 1181 Interni
1246 1142 1368 1181 maris

312 1221 351 1250 v.
374 1207 458 1251 701
489 1209 620 1262 Salyes
649 1214 805 1258 atroces,
839 1213 1018 1262 oppidum
1051 1209 1237 1268 [priscam
1266 1209 1331 1269 ra]
1364 1213 1622 1253 Mastrabalae

307 1293 349 1322 V.
371 1279 457 1322 303
488 1278 578 1337 A[t]
612 1279 881 1340 continentem]
914 1284 1072 1334 quinque
1094 1298 1168 1334 per
1196 1284 1320 1324 stadia
1351 1285 1471 1326 modo.

95 1360 214 1418 apud
243 1362 278 1404 P
289 1376 311 1405 r
323 1376 354 1405 u
366 1362 394 1406 d
406 1377 430 1405 e
441 1376 472 1405 n
483 1364 548 1418 t.2)
580 1364 728 1420 perist.
750 1363 792 1407 X
808 1365 914 1408 675:

436 1437 573 1487 yene‘ra‘
599 1437 752 1477 deorum
781 1440 900 1478 multa
929 1451 995 1478 nec
1017 1440 1133 1489 pueri
1155 1442 1304 1489 putant.

94 1516 215 1573 apud
244 1515 507 1560 Martian.
535 1517 746 1575 Capell.
780 1518 859 1572 (ed.
882 1519 1267 1577 Eyssenhardt)⁸):

378 1615 418 1657 p.
442 1601 572 1656 137,3
602 1604 691 1644 Fies
713 1606 885 1654 profecto
917 1606 1097 1656 deci'ffii‘ld,
1128 1607 1163 1646 si
1192 1607 1403 1646 astruxeris

377 1686 418 1728 p.
441 1673 600 1727 193,15
632 1676 820 1726 diditaque
848 1677 940 1724 fierit
967 1690 1059 1727 quae
1088 1680 1247 1717 vetustas
1270 1679 1456 1727 praeterit

377 1757 417 1800 p.
441 1744 569 1800 256,1
602 1747 754 1797 liliaque
783 1748 846 1787 det
866 1749 1037 1798 papillae

377 1829 418 1871 p.
439 1815 598 1872 374‚11
631 1818 784 1868 Satara,
817 1820 992 1870 Pelasyos
1021 1820 1110 1859 dam
1139 1821 1268 1859 docere
1297 1821 1444 1859 nititur.

211 1897 368 1955 Itaque
413 1898 522 1941 mihi
566 1899 823 1956 persuaderi
868 1914 958 1943 non
999 1902 1150 1957 potest
1190 1901 1508 1944 Terentianum
1549 1900 1727 1944 saeculo

94 1967 289 2012 secundo
336 1969 583 2026 scripsisse,
631 1985 776 2028 neque
823 1985 927 2015 vero
975 1973 1091 2015 inter
1137 1986 1238 2015 eum
1285 1974 1331 2016 et
1371 1973 1453 2015 hos
1495 1972 1727 2029 scriptores

93 2052 305 2094 magnum
336 2041 531 2097 spatium
561 2043 771 2099 temporis
801 2042 1069 2087 intercedere
1102 2042 1239 2087 credo.

746 2173 820 2219 De
852 2174 1076 2220 elisione.

211 2253 293 2298 His
325 2256 537 2312 expositis
569 2256 623 2300 de
656 2256 838 2300 elisione
871 2271 1069 2312 agamus.
1120 2257 1267 2301 Etiam
1298 2258 1383 2301 hac
1413 2258 1460 2301 in
1490 2272 1536 2302 re
1559 2258 1726 2302 Teren-

92 2325 246 2368 tianus
276 2325 649 2382 neglegentiorem
681 2342 730 2373 se
760 2329 946 2385 praebet
976 2343 1027 2373 eo
1060 2329 1178 2386 quod
1198 2329 1399 2373 vocalem
1418 2330 1600 2384 longam
1621 2332 1726 2373 ante

93 2396 295 2440 vocalem
324 2397 504 2453 longam
534 2399 826 2456 praecedente
859 2400 995 2444 tertia
1024 2400 1169 2444 vocali
1200 2400 1316 2444 elisit
1346 2401 1393 2443 in
1423 2415 1465 2446 v.
1489 2401 1621 2444 1879:

93 2470 242 2510 bacchio
280 2471 458 2511 adversas
497 2472 560 2520 fiet
592 2485 671 2523 pes,
711 2486 800 2513 ‘nam
842 2475 962 2514 brevis
990 2477 1076 2514 ante
1107 2477 1159 2514 est
1190 2471 1292 2526 (scil.
1313 2478 1348 2514 et
1377 2476 1542 2525 geminae
1572 2476 1725 2527 lonyae).

211 2549 410 2595 Eandem
439 2552 665 2596 licentiam
686 2567 795 2597 sane
818 2554 904 2597 sibi
925 2556 1211 2612 sumpserunt
1230 2555 1420 2598 Plautus
1442 2556 1487 2598 et
1509 2555 1725 2598 obscurus

92 2621 166 2665 ille
207 2621 503 2678 Paeonianus,
546 2624 707 2668 Tiberii
748 2625 963 2682 aequalis,
1006 2628 1124 2669 teste
1165 2625 1418 2680 Muellero.⁴)
1485 2626 1726 2669 Praeterea

213 2742 243 2794 1)
277 2744 387 2784 Conf.
419 2745 460 2783 E.
482 2746 642 2792 Reuter,
676 2747 734 2785 De
754 2747 899 2785 Avieni
931 2748 1249 2786 hexametrorum
1276 2760 1318 2786 re
1339 2748 1515 2794 metrica,
1555 2748 1722 2793 Bonnae

94 2815 130 2841 a.
155 2803 267 2842 1909
299 2815 335 2852 p.
361 2805 427 2843 11.

214 2860 243 2913 ²)
276 2862 387 2901 Conf.
417 2863 457 2902 L.
479 2864 622 2903 Miiller
651 2865 675 2904 l.
697 2865 721 2903 1.
754 2878 791 2915 p.
817 2863 898 2904 167
912 2878 973 2915 sq.

213 2919 243 2971 ⁸)
277 2922 389 2961 Conf.
419 2922 479 2962 Fr.
502 2923 543 2962 Ο.
566 2924 733 2973 Stange,
776 2925 834 2962 De
875 2937 916 2963 re
947 2925 1112 2963 metrica
1141 2925 1332 2963 Martiani
1364 2925 1560 2975 Capellae,
1608 2926 1722 2976 Lips.

93 2993 129 3018 a.
154 2980 267 3019 1882
300 2993 337 3030 p.
362 2983 427 3020 21.

212 3038 242 3091 4)
274 3040 333 3078 De
363 3052 405 3078 re
436 3040 629 3080 metrica²
661 3054 698 3092 p.
721 3043 818 3081 330.
