1936 3366
937 269 1195 312 -6-

246 388 523 434 schwersten
543 387 799 442 Bedenken,
831 387 926 432 und
956 386 1122 432 allerlei
1148 388 1422 443 Argumente
1453 387 1655 444 zwingen
1676 386 1794 432 mich
1812 386 1886 431 fiir

245 461 323 504 ihn
354 459 570 504 vielmehr
601 474 675 503 am
706 460 745 504 3.
767 458 867 504 Jhd.
899 458 1243 504 festzuhalten“.
1294 458 1377 502 His
1396 458 1545 503 verbis
1570 458 1688 516 „und
1719 458 1886 504 allerlei

245 531 546 588 Argumente“
581 530 747 574 Birtius
784 544 879 575 non
911 530 1054 586 magis
1086 529 1144 574 ad
1174 529 1372 574 litteram
1402 529 1434 573 h
1463 530 1672 587 respexit,
1710 529 1765 574 de
1796 544 1887 589 qua

245 603 385 647 verba
424 602 523 658 feci,
567 616 702 660 quam
734 601 793 646 ad
832 602 935 658 alia,
978 601 1032 646 de
1074 601 1235 659 quibus
1271 603 1381 646 tunc
1410 600 1556 645 fusius
1587 600 1814 660 disputare
1845 601 1889 646 ei

246 688 337 719 non
370 674 566 729 contigit.

366 745 475 789 Cum
496 745 633 800 igitur
653 745 857 803 quaestio
879 744 934 789 de
955 744 1147 801 saeculo,
1166 744 1234 790 cui
1255 745 1550 789 Terentianus
1571 744 1890 789 adscribendus

248 819 319 873 sit,
361 815 561 861 nondum
603 815 752 861 soluta
794 830 892 860 esse
933 816 1151 865 videatur,
1196 815 1425 860 Theodoro
1455 815 1553 860 Birt
1591 815 1811 860 suadente
1841 818 1890 860 et

247 889 492 933 adiuvante
535 902 636 932 eam
665 889 907 932 retractare
939 889 1076 945 atque
1107 888 1327 945 inquirere
1358 887 1548 945 suscepi,
1590 889 1814 945 quatenus
1843 887 1892 932 in

247 960 506 1004 Terentiani
548 959 670 1004 libris
710 959 819 1017 ipsis
862 962 1127 1015 argumenta
1164 960 1356 1016 exstent,
1399 958 1562 1016 quibus
1593 972 1680 1016 quo
1712 957 1892 1004 saeculo

248 1032 435 1090 scriptor
474 1031 636 1075 vixerit
677 1031 1016 1076 demonstretur.
1078 1031 1234 1089 Neque
1272 1031 1369 1074 sine
1399 1031 1547 1075 fructu
1578 1044 1654 1075 eos
1685 1044 1757 1075 me
1787 1043 1889 1088 per-

247 1103 545 1159 vestigavisse
576 1104 734 1147 senti0.
798 1102 896 1156 Qua
925 1103 1303 1160 pervestigatione
1335 1116 1450 1160 quae
1481 1102 1740 1159 invenerim,
1772 1115 1888 1146 non-

248 1175 382 1219 nullis
422 1176 583 1232 postea
620 1174 885 1232 explicanda
925 1176 1042 1218 sunt.
1104 1174 1216 1218 Rem
1256 1188 1328 1218 me
1368 1174 1435 1218 ita
1475 1173 1722 1219 absolvisse
1762 1175 1886 1232 puto,

248 1250 300 1291 ut
327 1246 447 1291 absit
478 1245 711 1290 dubitatio.
762 1246 937 1291 Revera
968 1246 1087 1289 enim
1118 1247 1384 1301 argumenta
1413 1245 1460 1289 in
1481 1244 1738 1290 Terentiani
1767 1244 1890 1289 libris

247 1318 551 1373 inveniuntur,
595 1332 711 1376 quae
754 1317 825 1362 cui
866 1317 1045 1362 saeculo
1087 1317 1272 1374 scriptor
1312 1316 1625 1361 attribuendus
1666 1317 1727 1361 sit
1756 1316 1888 1375 plane

248 1390 476 1439 indicant„

369 1460 455 1505 Sed
498 1461 754 1519 priusquam
799 1460 857 1505 ad
898 1475 1047 1505 meum
1087 1461 1361 1518 propositum
1392 1459 1703 1517 transgrediar,
1736 1459 1893 1518 paucis

250 1533 358 1577 mihi
387 1532 598 1577 videntur
627 1531 991 1590 perstringendae
1022 1546 1120 1576 esse
1152 1532 1346 1577 virorum
1378 1532 1608 1576 doctorum
1628 1531 1893 1587 sententiae,

250 1619 365 1663 quae
397 1618 538 1662 usque
571 1603 628 1648 ad
658 1604 779 1648 hunc
810 1604 927 1648 diem
957 1603 1160 1661 prolatae
1194 1605 1346 1659 suntl)

953 1783 1188 1842 CaputL

286 1868 554 1924 Virorum
594 1869 908 1924 doctorum
947 1868 1286 1924 sententiae
1325 1868 1520 1923 adhuc
1556 1866 1854 1935 prolatae.

371 1976 437 2019 De
469 1974 725 2019 Terentiani
766 1976 917 2019 aetate
950 1975 1063 2019 satis
1098 1977 1267 2019 certum
1298 1974 1606 2018 testimonium
1637 1974 1765 2018 nobis
1796 1976 1895 2018 tra-

252 2047 395 2091 ditum
425 2060 517 2090 non
548 2049 619 2090 est
647 2060 793 2103 neque
825 2047 1062 2104 quicquam
1093 2046 1146 2090 de
1179 2046 1275 2090 eius
1297 2046 1395 2090 vita
1424 2060 1507 2090 nos
1528 2045 1640 2089 scire
1661 2045 1896 2090 fatendum

252 2121 334 2164 est.
394 2118 590 2162 Primum
619 2118 754 2173 igitur
783 2118 822 2161 si
853 2118 1028 2175 quaeris
1060 2132 1190 2175 quem
1223 2116 1345 2161 nullo
1376 2117 1508 2161 modo
1539 2117 1683 2175 possit
1713 2109 1896 2172 egressa

253 2204 352 2234 esse
384 2191 513 2234 aetas
535 2189 791 2233 Terentiani
827 2189 1079 2246 terminum,
1113 2203 1216 2233 eum
1247 2191 1353 2233 ante
1384 2187 1573 2233 Marium
1603 2187 1894 2244 Victorinum,

252 2260 523 2317 Diomedem,
557 2261 858 2316 Augustinum
873 2262 902 2316 2)
933 2261 1099 2305 vixisse
1133 2276 1189 2305 ex
1221 2275 1272 2305 eo
1304 2262 1502 2319 apparet,
1535 2259 1654 2318 quod
1683 2259 1731 2303 hi
1750 2273 1896 2316 gram-

252 2333 404 2377 matici
443 2333 490 2376 in
522 2332 728 2392 operibus
760 2333 855 2376 suis
886 2332 1144 2377 Terentiani
1173 2332 1439 2376 nominatim
1469 2331 1743 2376 mentionem
1774 2330 1896 2375 sece-

252 2406 352 2449 rint.
432 2403 673 2448 Praeterea
722 2404 1040 2448 Terentianum
1099 2406 1203 2461 post
1259 2417 1429 2448 annum
1480 2402 1549 2448 GL
1598 2402 1734 2447 libros
1788 2415 1896 2447 suos

254 2476 482 2533 scripsisse
513 2489 695 2519 necesse
726 2477 809 2531 est,
853 2489 953 2519 cum
983 2476 1255 2530 Annianum,
1299 2474 1428 2519 Gellii
1459 2473 1743 2531 aequalem,³)
1775 2473 1895 2518 citet.

253 2548 412 2591 Utrum
460 2549 614 2591 autem
655 2546 832 2591 saeculo
875 2547 1015 2591 altero
1049 2561 1108 2590 an
1142 2547 1275 2591 tertio
1308 2547 1493 2603 scriptor
1522 2547 1617 2603 ipse
1647 2544 1792 2599 fuerit,
1824 2558 1896 2591 res

375 2668 403 2722 1)
437 2669 580 2708 Confer
620 2669 742 2708 etiam
784 2670 832 2708 de
864 2670 940 2708 hac
970 2681 1013 2707 re
1043 2669 1140 2707 Alfr.
1162 2669 1315 2714 Werth,
1359 2669 1418 2707 De
1449 2668 1682 2707 Terentiani
1713 2678 1897 2707 sermone

258 2732 297 2767 et
329 2731 474 2768 aetate.
537 2729 728 2768 Fleckeis.
751 2729 885 2769 annal.
908 2729 1039 2779 suppl.
1061 2729 1187 2767 XXIII
1218 2740 1309 2779 pag.
1333 2728 1417 2767 295
1430 2740 1517 2778 sqq.

376 2786 405 2838 2)
438 2789 494 2827 Cf.
515 2789 562 2827 H.
586 2789 686 2834 Keil,
721 2789 785 2827 Gr.
807 2788 893 2827 Lat.
915 2789 995 2829 vol.
1016 2788 1069 2826 VI
1101 2800 1137 2838 p.
1161 2789 1259 2828 323.

375 2845 403 2897 8)
438 2848 494 2888 Cf.
516 2849 616 2889 Gell.
637 2849 661 2887 1.
682 2847 764 2890 ΧΧ,
785 2848 833 2889 8:
873 2847 1070 2887 Annianus
1102 2850 1215 2897 poeta
1253 2847 1295 2885 in
1323 2845 1444 2895 fundo
1473 2857 1553 2892 suo,
1592 2857 1697 2896 quem
1729 2845 1769 2885 in
1796 2855 1894 2896 αρν-ο

255 2906 407 2945 Falisco
431 2907 654 2956 possidebat,
690 2907 836 2957 agitare
865 2911 949 2947 erat
976 2907 1106 2947 solitus
1135 2906 1362 2945 vindemiam
1390 2905 1511 2944 hilare
1539 2908 1647 2956 atque
1676 2905 1893 2945 amoeniter.

255 2965 317 3004 Ad
346 2978 406 3005 eos
436 2965 514 3005 dies
543 2978 599 3005 me
629 2970 663 3005 et
692 2967 870 3017 quosdam
899 2967 988 3006 item
1017 2966 1113 3006 alios
1141 2966 1354 3015 familiares
1382 2965 1543 3005 vocavit.
