1936 3366
957 411 1148 441 seorsus.

229 489 269 519 v.
291 475 348 518 87
441 474 554 519 haec
585 474 768 518 reddere
800 488 955 519 vocem
987 475 1200 532 quoniam
1231 474 1358 520 velut
1388 489 1554 520 seorsa.

229 561 271 590 v.
292 546 380 592 680
443 546 530 590 Sed
563 545 679 590 duae
709 546 820 590 fient
853 560 1033 590 seorsae
1065 545 1267 604 syllabae
1298 561 1377 605 per
1407 561 1455 591 se
1486 547 1657 591 breves.

230 632 271 661 v.
293 618 382 662 990
442 632 499 662 ne
533 617 659 662 dabit
689 631 767 675 per
798 632 846 662 se
879 632 1095 673 seorsam,
1128 617 1207 662 sed
1238 618 1464 663 residuam
1494 618 1698 663 nominis.

230 704 271 734 v.
293 690 419 734 2539
443 689 574 734 Nunc
605 690 710 747 quia
741 703 858 747 quae
890 690 1017 747 potui
1046 689 1201 734 videor
1230 691 1452 735 tractasse
1483 704 1648 735 seorsa.

351 772 516 830 Optimi
563 774 608 817 et
655 773 816 817 sinceri
857 773 1092 830 scriptores
1135 773 1347 818 adverbio
1387 788 1553 816 seorsum
1593 787 1767 831 semper
1807 773 1880 818 usi

232 846 400 901 sunt31)
448 843 528 888 sed
569 844 866 889 Terentianus
914 844 1186 889 adiectivum
1232 845 1448 890 adhibuit.
1519 845 1758 890 Praeterea
1798 843 1879 889 ad-

231 916 446 961 jectivum
476 918 720 974 usurpatur
751 918 832 960 aut
864 915 984 974 apud
1015 916 1194 974 priores,
1227 916 1502 962 Catonem
1534 916 1626 972 (irg.
1657 918 1766 962 orat.
1788 917 1830 974 5,
1849 917 1877 960 2

233 988 298 1032 ed.
329 987 499 1032 Jordan
530 1003 569 1046 p.
592 989 663 1044 39,
682 989 723 1043 3)
766 987 888 1046 apud
928 987 1046 1033 Fest.
1078 1003 1117 1046 p.
1141 989 1241 1044 201,
1261 989 1317 1032 26
1358 991 1528 1032 Maiores
1567 1003 1733 1032 seorsum
1771 994 1881 1043 atqile

233 1063 421 1103 diversum
445 1064 617 1114 pretium
640 1076 840 1114 paravere,
873 1062 953 1104 aut
986 1059 1106 1118 apud
1136 1060 1324 1118 infimos,
1357 1061 1473 1104 Aus
1486 1074 1565 1105 on.
1615 1061 1705 1104 Ναὶ
1733 1061 1808 1104 καὶ
1828 1061 1881 1104 οὗ

233 1133 407 1188 Πυθαγ.
425 1132 466 1180 ,5
499 1131 669 1188 (XXXI)
701 1146 741 1189 p.
766 1133 849 1176 151
884 1131 949 1176 ed.
977 1131 1192 1176 Schenkl:
1243 1135 1437 1175 Alterutro
1477 1136 1625 1186 pariter
1663 1147 1740 1175 mm
1774 1147 1882 1175 num·

235 1220 359 1260 quam,
391 1219 500 1257 saepe
527 1207 665 1247 seorsis
697 1206 891 1247 obsistunt
920 1207 1067 1247 studiis.

355 1275 562 1320 Ceterum
595 1277 733 1320 etiam
764 1276 919 1320 multis
951 1276 1052 1319 aliis
1083 1275 1191 1320 locis
1222 1276 1520 1321 Terentianus
1551 1275 1774 1320 adiectiva
1803 1289 1883 1334 pro

236 1347 460 1392 adverbiis
500 1347 638 1392 libere
680 1348 841 1406 posuit.
904 1348 1039 1392 Cuius
1083 1363 1194 1391 usus
1234 1346 1452 1392 nonnulla
1487 1347 1692 1406 exempla
1722 1347 1884 1392 Werth

237 1418 305 1474 (de
337 1419 432 1463 Ter.
460 1433 588 1464 serm.
611 1422 658 1463 et
689 1422 775 1463 aet.
808 1434 847 1477 p.
870 1420 970 1475 322)
1006 1419 1193 1475 collegit.

938 1560 1010 1589 ses
1042 1552 1182 1589 uatus.

367 1626 408 1655 v.
433 1611 547 1655 1577
581 1612 798 1668 sesquata
827 1610 921 1655 fere
953 1561 1070 1669 qugd
1102 1625 1311 1655 numeros
1343 1625 1446 1669 pars
1477 1612 1603 1655 secat
1632 1610 1755 1656 istos,

359 1694 486 1748 Quod
526 1695 798 1739 vocabulum
838 1697 1015 1753 praeter
1046 1695 1366 1739 Terentianum
1397 1695 1767 1751 Augustinus
1799 1694 1885 1739 ad-

238 1767 397 1823 hibuit,
430 1780 542 1811 mus.
569 1766 601 1822 I,
622 1767 677 1811 10
709 1767 734 1823 ξ
758 1768 812 1810 17
844 1769 975 1809 Motus
1006 1770 1219 1820 complicati
1248 1773 1284 1809 et
1310 1770 1480 1820 sesquati,
1523 1780 1638 1824 quae
1668 1766 1809 1811 verba
1838 1766 1887 1809 in

239 1838 371 1882 titulo
404 1839 600 1882 exstant.
652 1838 683 1894 I,
709 1840 761 1881 11
796 1839 820 1896 ξ
845 1839 899 1882 18
931 1842 1009 1881 sive
1040 1843 1272 1891 complicatis
1298 1842 1375 1881 sive
1400 1842 1588 1892 sesquatis,
1619 1872 1628 1882 .
1651 1874 1660 1883 .
1683 1873 1693 1882 .
1713 1841 1769 1881 ita
1788 1841 1887 1880 enim

239 1913 409 1964 sesquati.
470 1910 543 1966 IV,
562 1911 589 1953 9
621 1911 645 1966 ξ
670 1911 725 1954 10
768 1915 913 1953 tantum
953 1914 1107 1953 interest
1145 1914 1243 1953 iuter
1277 1916 1461 1964 sesquatos
1490 1916 1613 1953 motus
1642 1915 1678 1952 et
1705 1913 1885 1963 aequales.

940 2042 1190 2080 subditivus.

440 2116 482 2145 v.
505 2103 619 2145 2221
653 2101 881 2159 habetque
914 2104 960 2146 et
990 2102 1085 2160 ipse
1118 2101 1394 2146 subditivum
1424 2101 1694 2160 tribrachyn.

363 2184 490 2239 Quod
530 2185 801 2229 vocabulum
844 2185 1045 2230 similiter
1085 2187 1328 2243 usurpatur
1368 2185 1425 2229 ab
1461 2186 1613 2229 Arno
1627 2185 1743 2240 bio,
1786 2184 1888 2230 adv.

243 2258 411 2302 nation.
432 2259 473 2302 V
490 2257 546 2300 32
587 2259 661 2299 Sed
689 2260 901 2311 allegoricis
931 2261 1094 2300 sensibus
1119 2264 1153 2300 et
1173 2261 1370 2300 subditivis
1391 2260 1653 2311 intelleqantur
1673 2260 1800 2300 omnia
1818 2259 1889 2299 illa

243 2333 402 2373 seeretis.
455 2328 543 2373 Sed
575 2329 665 2372 alia
691 2329 1017 2385 significatione
1038 2333 1248 2372 subditivus
1269 2329 1455 2374 occurrit
1475 2329 1566 2373 iam
1587 2327 1708 2387 apud
1727 2327 1888 2385 plaut„

246 2401 343 2457 Cia,
377 2400 498 2445 Suet.

245 2547 286 2576 v.
305 2533 418 2594 1401
451 2532 524 2576 hic
554 2531 773 2588 trilongus
805 2532 908 2586 (scil.
925 2472 1369 2590 pggktffiitcssonabit,
1403 2530 1581 2589 quando
1603 2530 1642 2574 R
1654 2544 1679 2575 o
1691 2545 1734 2574 m
1747 2545 1777 2575 a
1786 2544 1817 2574 n
1829 2544 1854 2575 o
1867 2545 1891 2575 s

449 2603 614 2661 loquor.

367 2687 663 2731 Terentianus
705 2686 828 2731 solus
865 2686 950 2731 hoc
982 2687 1202 2731 adiectivo
1235 2701 1345 2731 usus
1377 2689 1458 2731 est.
1519 2685 1632 2729 Illud
1663 2689 1728 2742 tri,
1771 2684 1890 2744 quod

248 2758 416 2803 usitato
448 2773 569 2803 more
606 2773 706 2803 cum
739 2759 1038 2803 substantivis
1071 2759 1364 2815 coniungitur,
1407 2757 1705 2802 Terentia-nus
1736 2758 1892 2802 contra

250 2829 619 2875 consuetudinem
666 2844 767 2874 cum
814 2830 1035 2875 adiectivo
1084 2830 1343 2889 composuit.
1419 2830 1468 2872 In
1516 2828 1891 2887 comparationem

371 2987 400 3039 ¹)
434 2989 489 3027 Cf.
512 2989 861 3039 Neue-Wagener‚
896 2989 1175 3028 Formenlehre
1207 2988 1276 3027 der
1307 2988 1376 3027 lat.
1410 2988 1587 3039 Sprache
1628 2984 1694 3027 11⁸.
1730 2999 1768 3038 p.
1791 2986 1890 3027 753.
