1936 3366
767 312 1065 355 -53-

96 430 267 485 autem,
316 429 476 487 quippe
519 430 594 487 qui
636 430 955 474 Terentianum
998 444 1179 474 versum
1219 430 1304 474 hoc
1345 429 1473 474 modo
1514 429 1735 487 pepigisse

96 514 187 543 non
217 502 441 557 putarent,
475 502 778 557 mutaverunt,
810 501 1071 545 Lachmann
1103 501 1253 545 addito
1284 503 1438 559 etpost
1457 505 1544 558 nisi,
1576 501 1736 545 Werth

97 586 253 624 namque
282 575 326 614 ni
355 572 596 627 scribenS.²)
660 572 785 626 Quod
816 573 1003 630 probare
1035 587 1125 617 non
1156 587 1407 630 possumus,
1439 587 1585 630 neque
1617 573 1736 616 enim

94 644 298 686 nostrum
321 645 391 687 est
412 644 687 688 coniecturas
709 645 871 699 faeere3
894 643 972 688 sed
994 645 1112 702 quod
1132 644 1179 687 in
1202 644 1394 688 editione
1416 643 1736 688 Mediolanensi

94 713 268 770 legitur,
300 715 348 757 in
378 716 555 758 textum
587 714 888 772 recipiendum
920 717 1001 759 est.
1062 715 1185 759 Haec
1217 716 1334 758 enim
1364 729 1575 759 mensura
1603 714 1735 772 plane

94 785 347 842 posterioris
388 787 553 829 aetatis
594 786 805 830 indicium
843 789 922 830 est.
985 786 1067 840 Qui
1098 787 1265 830 scilicet
1295 789 1529 843 poetarum
1559 786 1734 830 scaeni-

95 870 244 900 corum
286 857 698 914 antiquissimorum
738 872 848 901 usus
892 871 983 902 non
1013 857 1099 900 nisi
1132 857 1249 915 apud
1280 859 1438 915 poetas
1467 858 1734 901 recentiores

93 941 247 971 rursus
289 929 481 983 emergit.
542 928 854 972 Produxerunt
894 929 1157 986 particulam
1194 933 1269 971 nisi
1298 928 1556 972 Paulinus
1586 927 1732 982 Nom

94 998 236 1043 Garm.
256 1001 409 1045 XXIV
425 1000 511 1042 277
533 1004 673 1049 metire,
706 1015 850 1053 quaeso,
872 1004 954 1053 quis
973 1004 1050 1042 nisi
1071 1002 1242 1042 Christus
1263 1015 1348 1055 suo3
1380 1000 1519 1043 Oarm.
1534 1001 1735 1045 XXVIII

94 1070 182 1113 320
221 1077 348 1122 sponte
388 1074 464 1113 nisi
492 1074 679 1124 fuyimus;
717 1075 939 1124 moriamur,
979 1088 1024 1114 ne
1054 1075 1291 1127 moriamur3
1335 1070 1547 1114 Orient.
1568 1072 1615 1114 Π
1645 1071 1732 1114 308

93 1148 129 1183 et
156 1157 233 1184 vooe
262 1146 377 1194 nulla,
407 1145 485 1184 nisi
513 1158 626 1195 quam
655 1146 797 1185 dederit
827 1146 1004 1199 yemitu33
1046 1142 1331 1186 Paulinus
1352 1141 1625 1185 Pellaeus
1647 1142 1732 1186 361

91 1215 171 1264 ime
199 1216 276 1255 nisi
303 1228 446 1255 mecum
475 1229 565 1255 mox
594 1217 843 1266 susciperetur
872 1218 912 1256 in
943 1217 1043 1256 urbe.

212 1283 418 1328 Ceterum
464 1285 729 1329 conferenda
775 1287 882 1329 sunt
926 1286 1013 1329 hac
1060 1284 1113 1328 de
1160 1299 1219 1341 re,
1268 1299 1382 1341 quae
1428 1284 1475 1328 L.
1507 1283 1730 1337 Mueller³)

93 1356 300 1412 exposuit
321 1356 471 1399 dicens
491 1358 620 1400 haec:
645 1356 765 1413 „Iam
787 1357 871 1400 hoc
891 1356 1229 1400 memorandum
1246 1358 1451 1399 auctores
1468 1355 1731 1399 christianos

91 1426 290 1484 relapsos
340 1429 394 1470 ut
438 1427 715 1484 plerumque,
769 1428 827 1471 ad
872 1428 1167 1471 imitationem
1215 1427 1625 1484 antiquissimorum
1676 1440 1731 1470 ex

91 1497 290 1553 vocibus,
324 1513 439 1555 quae
470 1499 660 1542 breviari
685 1499 831 1542 solent
853 1502 979 1543 extra
1000 1513 1222 1554 scaenam,
1253 1500 1300 1542 in
1331 1513 1371 1553 a,
1405 1512 1444 1552 o,
1476 1497 1730 1542 iexeuntes

92 1569 304 1624 ambigua
333 1584 485 1613 rursus
516 1569 772 1614 adhibuisse
806 1570 1100 1627 quantitate“.

209 1747 332 1791 Haec
361 1747 592 1791 hactenus.
648 1748 808 1791 Restat
838 1761 970 1801 nunc,
1003 1749 1055 1790 ut
1086 1746 1139 1790 de
1170 1748 1580 1790 nonnullorum
1610 1759 1729 1789 ver-

91 1820 290 1862 borum
340 1822 628 1863 mensuris
677 1819 915 1874 illegitimis
967 1818 1195 1862 disseram.
1272 1818 1567 1861 Terentianus
1615 1817 1730 1861 enim

90 1888 248 1944 longas
278 1890 458 1934 vocales
491 1890 699 1947 corripuit
728 1890 798 1933 his
828 1890 876 1932 in
908 1889 1131 1933 versibus:

121 1961 208 2004 410
239 1963 437 2018 tempore
467 1961 658 2005 instanti
679 1960 796 2018 quod
817 1963 942 2017 αὐδᾷ,
974 1959 1116 2016 ηὔδᾶ
1145 1959 1309 2004 infecto
1340 1959 1461 2003 facit.

121 2032 208 2075 430
239 2050 271 2082 ε,
304 2031 461 2076 deinde
483 2035 597 2082 ἰῶτα,
630 2046 789 2087 graeca
819 2032 937 2088 quod
969 2031 1328 2088 diphthongo
1343 2045 1364 2074 s
1395 2048 1429 2074 ει
1461 2032 1604 2074 sonat.

120 2104 207 2147 475
239 2118 318 2160 pes
334 2106 487 2147 tamen
508 2118 600 2147 non
617 2106 687 2147 est
702 2103 951 2154 trochaeuS,
973 2103 1077 2159 quia
1099 2101 1454 2159 diphthongos
1477 2102 1643 2145 extima
1659 2104 1728 2145 est

95 2181 209 2223 1386
239 2165 464 2236 χορεῖος
493 2180 611 2224 idem
641 2182 926 2238 nuncupatur
957 2194 985 2223 a
1015 2179 1237 2234 magistris
1267 2179 1465 2236 plurimis

95 2252 209 2295 1473
242 2253 602 2299 ὃισπόνόεῖος
632 2252 703 2295 hic
735 2251 910 2295 dicitur:
945 2265 1045 2294 ecce
1076 2251 1254 2294 nomine
1285 2250 1382 2307 ipso

95 2323 208 2366 1532
241 2325 287 2366 et
317 2323 586 2380 paeonici
615 2322 807 2366 nominis
839 2322 972 2366 ambo
1006 2325 1112 2365 sunt
1145 2322 1347 2379 quaterni

94 2394 207 2437 1546
239 2396 286 2437 et
315 2396 516 2450 ἐπίτριτος
547 2407 688 2451 aeque
719 2407 859 2448 genus
893 2395 963 2436 est
993 2407 1020 2450 p
1034 2407 1062 2436 a
1076 2406 1100 2436 e
1112 2392 1136 2435 ὅ
1149 2392 1240 2435 nic
1256 2406 1280 2435 o
1291 2405 1313 2434 r
1324 2406 1354 2434 u
1367 2405 1422 2434 m.

93 2465 207 2508 1549
239 2479 339 2508 cum
370 2479 397 2522 p
410 2479 472 2509 ae
485 2465 640 2508 (mici
670 2464 928 2522 possideant
959 2465 1096 2521 quina
1126 2463 1303 2520 priores.

93 2536 207 2579 1575
238 2536 380 2593 impar
410 2550 622 2579 numerus
653 2551 680 2593 p
693 2550 721 2579 a
733 2550 756 2579 e
769 2537 793 2579 ὅ
805 2535 863 2578 ni
876 2535 956 2578 cis
989 2535 1189 2591 utrisque
1223 2535 1361 2588 coget.

93 2606 207 2649 1609
240 2620 367 2650 suam
399 2609 552 2651 tuetur
582 2607 853 2651 hexametris
885 2606 1117 2649 heroum

93 2678 206 2720 1647
239 2691 364 2734 quas,
398 2680 501 2722 acta
530 2678 748 2722 Homerus
779 2677 1012 2720 heroum
1043 2690 1141 2720 cum
1175 2675 1383 2719 scriberet

211 2809 240 2858 1)
274 2811 385 2849 Conf.
416 2812 513 2850 Alfr.
535 2813 687 2857 Werth,
723 2812 771 2849 de
802 2812 886 2849 Ter.
918 2813 1029 2848 metr.
1062 2811 1102 2848 et
1133 2810 1230 2848 eloc.
1263 2821 1298 2858 p.
1322 2808 1389 2846 24.

213 2868 242 2920 ²)
274 2870 383 2908 Conf.
414 2871 557 2911 Adalb.
588 2871 770 2915 Huemer,
815 2870 862 2908 de
904 2869 1037 2908 Pontii
1068 2868 1234 2917 Meropii
1274 2866 1431 2905 Paulini
1473 2878 1514 2904 re
1546 2867 1720 2912 metrica,

93 2930 264 2968 Vindob.
296 2931 336 2967 et
365 2929 473 2979 Lips.
505 2942 540 2970 a.
566 2930 678 2968 1903
710 2942 747 2979 p.
770 2930 807 2967 6.

211 2986 240 3039 ⁸)
273 2989 331 3026 De
362 3001 403 3026 re
436 2987 620 3027 metrica²
651 3000 739 3038 pag.
762 2988 843 3026 411
865 3000 923 3037 sq.
