1936 3366
774 287 1069 329 -49-

101 402 355 460 synhizesin
406 404 570 447 vitavit
622 406 757 462 atque
807 404 911 448 huic
972 404 1124 449 dativo
1185 406 1420 449 iambicam
1481 419 1737 451 mensuram

100 474 306 518 attribuit
335 475 382 518 in
414 489 455 519 v.
479 476 613 519 1533:

372 547 410 588 is
441 547 607 604 primus
639 548 733 602 erit,
766 547 901 603 longa
933 548 1002 591 cui
1032 547 1181 592 locata
1211 548 1352 605 prima
1383 551 1463 592 est.

97 628 205 672 Inde
252 643 280 672 a
325 629 502 673 saeculo
555 645 595 687 p.
638 630 733 674 Chr.
774 645 816 674 n.
862 631 993 674 tertio
1043 633 1204 687 poetae
1254 635 1316 673 cui
1364 630 1587 675 interdum
1638 631 1734 676 vice

97 699 235 743 iambi
265 703 513 757 posuerunt
542 703 660 745 teste
691 701 946 756 MueHero.¹)
1008 701 1124 745 Nam
1155 706 1217 744 cui
1247 702 1464 760 producta
1493 703 1733 760 posteriore

97 770 272 829 syllaba
312 772 541 815 invenitur
583 771 702 829 apud
731 774 937 816 Auson.
998 772 1152 828 XXIII,
1171 774 1198 816 6
1245 776 1297 830 (p.
1321 774 1406 817 120
1438 773 1503 818 ed.
1525 773 1730 829 Schenkl)

9 894 11 897 v
96 844 280 884 credemus
307 846 449 895 yremio
490 847 551 885 cui
580 846 789 895 fovendum.
850 843 897 887 E.
918 843 1021 887 XVI
1048 845 1087 894 2,
1121 845 1178 888 59
1216 847 1268 901 (p.
1292 845 1389 900 176)
1442 848 1578 897 σῖιῖᾳαέ
1601 849 1732 898 υἵρῖῑεε

95 916 321 968 ῑαηιίηαηι.”)
384 914 525 958 Clau
536 913 574 959 d.
607 915 724 958 Mar.
751 915 894 960 Vict.
925 915 964 958 Π
988 915 1071 959 158
1102 918 1199 971 inde,
1239 919 1301 957 cui
1323 919 1510 968 proprior
1540 919 1650 958 decor
1679 922 1731 958 est

93 991 130 1026 et
156 1000 251 1027 vena
279 989 447 1028 secunda.
498 985 558 1028 ΙΠ
578 986 665 1030 320
695 989 781 1038 fons
810 992 846 1028 et
874 989 979 1039 oriqo
1011 990 1072 1028 cui
1100 989 1186 1029 Sem
1217 991 1361 1029 clarum
1376 991 1572 1039 praestitit
1593 993 1729 1030 ortum.

93 1055 249 1101 Mart.
271 1055 479 1114 Gapell.
510 1057 656 1113 342‚4
687 1061 799 1114 salve,
830 1063 960 1100 nostra
991 1061 1053 1099 cui
1074 1061 1276 1110 perficitur
1304 1059 1471 1113 chelysfl)
1504 1058 1727 1102 Venant.

92 1126 238 1170 Fort.
270 1127 381 1183 116,
396 1129 453 1171 29
493 1132 563 1170 hoc
601 1132 637 1171 si
677 1132 739 1171 cui
776 1132 827 1171 sit
866 1132 1037 1172 debitum.
1104 1129 1124 1172 I
1155 1130 1224 1185 16,
1241 1129 1298 1173 58
1340 1133 1402 1172 cui
1429 1132 1528 1172 redit
1556 1133 1728 1181 felicitas.

91 1197 192 1241 VIII
222 1199 263 1254 3,
286 1199 343 1243 98
393 1203 479 1252 ipsa
528 1203 589 1242 cui
637 1203 805 1252 qmzetm'oe
853 1215 928 1242 non
966 1203 1045 1243 nisi
1087 1204 1195 1253 virqo
1229 1204 1365 1252 placet.
1438 1199 1726 1244 Paulinus

91 1270 352 1314 Nolanus
385 1285 560 1329 quoque
591 1270 793 1315 dativum
824 1275 886 1314 cui
914 1271 1106 1315 iambica
1137 1286 1345 1316 mensura
1377 1272 1571 1329 posuit.⁴)

208 1353 392 1398 Accedit
428 1353 560 1398 aliud.
592 1354 786 1411 Scriptor
821 1355 939 1398 enim
976 1354 1179 1398 dativum
1219 1357 1420 1409 cuique
1454 1355 1725 1411 pronominis

91 1425 298 1469 distraxit
326 1426 373 1468 in
403 1440 444 1469 v.
469 1426 573 1469 183:

302 1511 457 1540 verum
489 1499 540 1540 ut
571 1498 728 1554 cuique
760 1499 830 1540 est
860 1497 1121 1554 proximitas
1154 1498 1275 1541 vocis
1306 1511 1477 1552 sonore,

88 1580 166 1623 ubi
195 1583 325 1633 cuique
354 1581 490 1624 trium
520 1580 794 1638 syllabarum
825 1581 1026 1624 brevium
1056 1582 1137 1624 est.
1188 1581 1310 1624 Haec
1340 1582 1492 1624 autem
1512 1594 1723 1625 mensura

88 1650 208 1708 apud
247 1651 419 1695 nullum
461 1651 598 1695 alium
634 1654 812 1709 poetam
852 1650 1014 1706 legitur
1054 1653 1272 1708 quantum
1313 1651 1454 1695 video.
1516 1653 1576 1694 At
1616 1665 1720 1695 vero

88 1723 288 1766 distracti
318 1723 452 1766 huius
482 1722 753 1780 pronominis
775 1723 862 1766 duo
885 1723 1101 1780 exempla,
1132 1723 1180 1765 in
1201 1723 1361 1780 quibus
1382 1723 1523 1779 prima
1545 1722 1721 1780 syllaba

85 1793 301 1850 producta
350 1796 422 1838 est
467 1798 528 1848 (-
549 1816 592 1839 ψ
622 1798 693 1849 ψ),
742 1794 1034 1837 inveniuntur
1080 1792 1199 1850 apud
1243 1792 1622 1837 Prudentium
1672 1793 1720 1836 in

83 1865 329 1920 Hamartig.
390 1880 431 1909 v.
455 1865 540 1909 105
584 1868 783 1918 ads-imre
827 1867 911 1907 deos
947 1868 1141 1917 proprios,
1186 1879 1256 1907 sua
1301 1868 1435 1918 cuique
1473 1867 1563 1907 iura
1608 1866 1653 1908 et
1684 1878 1719 1909 c.

85 1936 249 1994 Symm.
270 1936 321 1991 H,
339 1937 396 1979 89
427 1940 526 1979 imus
555 1939 606 1978 ad
637 1939 832 1981 occultum:
863 1938 962 1978 Suus
991 1941 1044 1978 est
1073 1950 1153 1978 mos
1183 1940 1315 1988 casque
1342 1937 1484 1990 yentifi)

201 2103 314 2146 Tum
361 2103 690 2160 particularum,
738 2104 956 2154 deinde,
1005 2104 1155 2156 dein,
1209 2104 1466 2154 deoe‘fnceps
1510 2100 1716 2158 prosodia

83 2176 244 2218 notatu
291 2174 425 2230 digna
472 2177 553 2218 θεῖ.
629 2174 924 2217 Terentianus
976 2173 1094 2217 enim
1145 2172 1434 2229 dipthongum
1489 2172 1530 2215 ei
1580 2186 1715 2229 quam

83 2245 314 2289 continent
343 2246 390 2288 in
420 2245 549 2289 binas
580 2245 759 2289 vocales
791 2244 995 2288 dissolvit
1024 2244 1071 2287 in

84 2331 122 2359 v.
176 2317 260 2360 195
293 2317 325 2360 C
351 2317 546 2374 pressius
577 2319 726 2372 urget:
758 2316 860 2360 dein
890 2317 993 2360 hinc
1023 2317 1070 2359 et
1098 2315 1202 2358 hinc
1231 2315 1428 2358 remittit.

80 2402 122 2431 v.
173 2388 259 2431 669
291 2388 330 2431 U
362 2388 464 2431 dein
495 2388 534 2431 si
565 2390 876 2445 consequatur,
909 2386 1084 2444 syllaba
1116 2401 1209 2429 una
1238 2400 1328 2429 non
1361 2386 1454 2429 erit.

80 2473 122 2502 v.
147 2459 259 2502 1361
293 2461 398 2503 ante
431 2460 547 2503 enim
579 2458 714 2502 breve
746 2460 815 2502 θεῖ
847 2460 1057 2511 creatum,
1090 2456 1310 2500 redditum
1341 2456 1522 2511 longum
1554 2455 1668 2499 dein.

198 2615 228 2667 1)
260 2617 318 2654 De
349 2628 390 2654 re
421 2619 532 2656 metr.
557 2615 574 2639 ²
604 2629 641 2666 p.
664 2616 760 2655 318.

198 2674 228 2726 2)
261 2675 318 2714 Cf.
338 2676 682 2725 Neue-Wagener,
720 2674 995 2713 Formenlehre
1027 2674 1095 2711 der
1124 2674 1193 2712 lat.
1216 2673 1390 2722 Sprache
1412 2669 1477 2709 ΙΙ8
1498 2684 1534 2721 p.
1547 2672 1632 2710 454
1646 2684 1707 2723 sq.

198 2732 228 2785 8)
261 2735 315 2773 Cf.
337 2735 444 2775 Albr.
467 2736 768 2784 Sundermeyer‚
812 2734 870 2771 De
911 2745 953 2771 re
994 2733 1158 2771 metrica
1193 2734 1234 2770 et
1263 2731 1488 2781 rhythmica
1517 2731 1706 2770 Martiani

79 2793 277 2844 Capellae,
311 2794 461 2843 Marbg.
483 2807 519 2832 a.
546 2794 670 2840 1910,
704 2806 742 2843 p.
764 2794 802 2832 3.

196 2851 226 2904 4)
259 2853 316 2891 Cf.
342 2854 388 2890 A.
410 2853 592 2899 Huemer,
635 2853 694 2891 De
731 2852 865 2890 Pontii
894 2851 1060 2900 Meropii
1090 2850 1250 2888 Paulini
1290 2861 1331 2887 re
1372 2849 1550 2895 metrica,
1598 2849 1704 2898 Lips.

76 2925 113 2951 a·
138 2912 320 3022 1933013:
337 2912 680 3020 ξθιιθ-Ἦθςθῐιθτ,
714 2970 800 3008 Lat.
836 2968 1108 3008 Formenlehre
1138 2966 1204 3005 11³
1234 2979 1271 3017 p.
1293 2967 1391 3006 497.

146 3043 235 3072 Ries.
1440 3034 1466 3070 4
