1936 3366
915 284 1181 328 -8-

229 400 346 458 quod
368 414 522 445 omnes
544 400 804 456 concedunt,
837 402 883 445 in
907 415 958 446 eo
981 402 1217 447 manifesto
1239 402 1312 448 ille
1335 405 1511 461 erravit,
1534 404 1653 463 quod
1672 405 1869 451 Petronii

227 472 454 517 mentione
497 487 606 517 usus
649 475 741 528 est,
794 475 847 517 ut
887 474 1204 519 Terentianum
1247 475 1426 520 saeculo
1466 491 1506 535 p.
1535 477 1630 521 Chr.
1651 491 1694 522 n.
1734 478 1866 522 tertio

227 544 369 587 fuisse
411 546 747 589 demonstraret.
809 545 935 600 Quod
977 548 1290 602 argumentum
1329 547 1503 591 nullum
1534 551 1617 605 est,
1651 563 1751 592 cum
1782 549 1866 593 Pe-

225 617 419 660 tronium
451 616 596 660 medio
627 617 776 674 potius
808 617 984 661 saeculo
1016 618 1154 675 primo
1187 618 1414 676 scripsisse
1435 619 1552 664 inter
1571 620 1691 664 viros
1712 619 1867 665 doctos

227 687 339 731 satis
362 689 583 742 constet.¹)
631 689 813 746 Tamen,
847 689 1023 733 etiamsi
1043 690 1128 733 hoc
1149 692 1460 746 argumentum
1483 692 1681 748 evanuit,
1705 694 1867 750 cetera,

226 773 343 819 quae
385 759 701 804 Lachmannus
742 760 910 817 attulit,
951 775 1162 816 magnam
1203 762 1295 805 vim
1325 762 1497 807 habent
1537 764 1673 821 atque
1714 763 1867 808 multis

226 832 332 876 viris
354 832 672 875 Terentianum
694 831 872 876 saeculo
901 833 1032 876 tertio
1055 832 1394 877 adscribendum
1417 848 1516 878 esse
1538 837 1868 892 persuaserunt.

347 902 636 947 Lachmanno
669 918 882 948 assensus
915 906 985 948 est
1015 904 1385 949 Hermannus
1406 906 1669 950 Wentzel
1698 906 1745 951 in
1775 905 1867 951 dis-

227 975 471 1019 sertatione
511 990 626 1033 quae
656 975 912 1019 inscribitur
945 976 1212 1035 „Symbolae
1245 977 1421 1022 criticae
1453 978 1510 1022 ad
1541 978 1774 1022 historiam
1803 979 1869 1023 rei

226 1046 436 1091 metricae
467 1046 754 1091 Latinorum“
788 1047 1088 1092 Vratislaviae
1121 1063 1159 1092 a.
1180 1050 1292 1094 1858
1324 1064 1365 1107 p.
1381 1050 1450 1094 26.
1502 1049 1582 1094 Cui
1611 1050 1705 1094 viro
1737 1049 1867 1095 docto

225 1133 340 1176 quae
362 1118 622 1162 Lachmann
654 1119 914 1177 disputavit,
949 1134 1035 1177 quo
1068 1119 1236 1165 diutius
1258 1121 1461 1166 acriusve
1482 1122 1780 1179 perscruteli8‚
1813 1136 1867 1167 eo

228 1189 533 1234 admirabilius
565 1190 685 1234 dicta
704 1190 922 1235 videntur.
974 1191 1103 1236 Nova
1135 1195 1287 1236 autem
1319 1196 1584 1248 argumenta
1605 1192 1663 1237 ad
1684 1197 1867 1240 senten-

225 1262 338 1306 tiam
371 1262 721 1306 confirmandam
751 1277 842 1307 non
874 1263 1021 1308 affert.

349 1333 497 1377 Etiam
538 1334 826 1378 Henricus
867 1335 994 1379 Keil
1034 1335 1371 1380 Lachmannum
1411 1338 1594 1381 secutus
1635 1338 1723 1392 est,
1765 1350 1868 1382 cum

227 1405 339 1449 haec
384 1406 616 1463 protulerit
663 1405 733 1450 Gr.
763 1406 861 1450 Lat.
892 1406 978 1450 vol.
1010 1407 1070 1450 VI
1103 1408 1246 1462 (1874)
1292 1422 1332 1465 p.
1363 1408 1468 1452 323:
1524 1407 1638 1463 „Sed
1683 1408 1868 1452 tametsi

225 1477 419 1521 Petronii
451 1478 630 1535 quidem
661 1480 859 1523 aetatem
891 1479 948 1522 ab
981 1479 1051 1523 his
1081 1480 1356 1537 temporibus
1376 1480 1506 1535 longe
1527 1481 1748 1524 remotam
1768 1493 1866 1524 esse

227 1549 339 1593 satis
372 1549 649 1607 exploratum
682 1552 763 1604 est,
796 1565 886 1594 non
918 1551 1066 1594 minus
1099 1557 1266 1595 certum
1297 1566 1395 1596 esse
1416 1554 1526 1610 puto
1547 1551 1867 1596 Terentianum

233 1620 412 1665 saeculo
454 1622 586 1666 tertio
626 1636 717 1666 non
756 1621 897 1666 fuisse
939 1624 1220 1680 superiorem.
1265 1637 1371 1667 nam
1413 1625 1466 1667 ut
1495 1622 1661 1667 novelli
1690 1624 1864 1681 poetae,

228 1707 415 1750 quorum
446 1694 625 1751 saepius
655 1694 930 1738 mentionem
949 1693 1069 1751 fecit,
1102 1695 1160 1738 ad
1181 1695 1266 1739 hoc
1286 1697 1464 1752 tempus
1485 1695 1579 1739 iure
1600 1696 1865 1750 referuntur,

224 1765 291 1808 ita
320 1779 465 1821 neque
498 1779 639 1820 genus
671 1756 844 1810 dicendi
876 1780 962 1823 quo
993 1767 1087 1824 ipse
1120 1781 1230 1810 usus
1262 1769 1331 1810 est
1352 1766 1646 1825 antiquiorem
1669 1768 1867 1811 aetatem

227 1835 439 1892 admittit,
473 1840 519 1880 et
547 1838 746 1882 varietas
776 1839 1019 1881 metrorum
1050 1852 1164 1895 quae
1196 1837 1401 1882 adhibuit
1430 1840 1529 1882 tum
1550 1838 1742 1882 maxime
1762 1851 1867 1896 pro-

229 1908 338 1952 bata
366 1908 492 1952 fuit.“
558 1909 655 1963 Qua
686 1910 731 1953 in
761 1924 808 1953 re
841 1909 1010 1953 nullam
1041 1910 1131 1953 vim
1163 1911 1314 1965 habet,
1357 1910 1475 1968 quod
1505 1909 1606 1954 Keil
1636 1909 1691 1954 de
1722 1909 1867 1967 poetis

224 1979 413 2024 novellis
456 1979 578 2038 dicit;
618 1995 724 2024 nam
764 1980 808 2024 id
841 1981 1095 2026 Gerhardus
1128 1981 1307 2026 Schultz
1319 1982 1350 2036 ²)
1389 1981 1486 2025 sine
1518 1981 1651 2026 dubio
1683 1980 1866 2025 demon-

227 2052 389 2096 stravit
419 2052 557 2096 fuisse
589 2052 729 2097 altero
759 2068 800 2110 p.
822 2052 917 2097 Chr.
938 2066 980 2096 n.
1012 2053 1191 2097 saeculo
1223 2055 1390 2111 poetas,
1428 2067 1540 2111 quos
1571 2053 1866 2098 Terentianus

223 2126 385 2167 novellos
414 2125 629 2168 nominat.

346 2195 480 2240 Porro
523 2195 712 2240 eandem
753 2197 1025 2240 sententiam
1065 2197 1319 2240 invenimus
1359 2196 1480 2254 apud
1519 2196 1643 2240 Luc.
1666 2195 1867 2240 Miiller

233 2267 324 2325 „De
355 2281 402 2311 re
434 2269 617 2312 metrica
648 2271 879 2325 poetarum
908 2268 1193 2312 Latinorum“
1229 2283 1267 2312 a.
1292 2269 1428 2312 18942
1458 2283 1498 2326 p.
1519 2269 1589 2312 39.
1641 2267 1726 2323 Qui
1745 2281 1867 2312 nova

229 2338 429 2383 subsidia
470 2340 527 2383 ad
565 2340 821 2384 Terentiani
850 2342 1029 2397 tempus
1060 2339 1361 2384 definiendum
1394 2340 1460 2383 ita
1490 2353 1647 2398 parare
1678 2338 1865 2395 studuit,

224 2413 277 2455 ut
316 2425 408 2455 rem
440 2411 669 2455 metricam
700 2412 1004 2467 investigaret.
1064 2412 1115 2455 ln
1146 2412 1405 2456 universum
1435 2411 1603 2456 iudicat
1632 2426 1673 2469 p.
1695 2412 1752 2455 94
1783 2411 1865 2457 sic:

230 2482 485 2539 „Congruus
517 2485 669 2527 autem
700 2483 910 2527 varietati
942 2484 982 2527 ei
1023 2486 1275 2538 metrorum,
1319 2498 1434 2541 quae
1465 2483 1865 2527 Frontonianorum

230 2554 288 2597 ab
335 2556 488 2598 aetate
534 2569 676 2613 usque
717 2554 774 2599 ad
820 2555 979 2599 ultima
1014 2557 1216 2612 tempora
1253 2555 1456 2612 optinuit,
1502 2554 1717 2612 reperitur
1754 2553 1866 2598 liber

225 2624 492 2670 Terentiani.
546 2627 686 2681 Quem
716 2627 834 2684 quod
866 2626 1181 2671 Lachmannus
1202 2626 1465 2671 Diocletiani
1497 2626 1608 2670 dixit
1628 2625 1864 2683 aequalem

223 2697 269 2740 id
300 2711 453 2742 omnes
485 2698 810 2756 probabilitatis
841 2698 978 2742 habet
1010 2699 1259 2742 numeros“.

346 2866 377 2918 1)
411 2869 467 2907 Cf.
507 2870 570 2911 W.
604 2871 642 2909 S.
675 2870 843 2914 Teuffel,
892 2870 1034 2908 Gesch.
1073 2870 1142 2908 der
1182 2871 1277 2908 rom.
1315 2868 1389 2908 Lit.
1422 2868 1456 2906 II
1489 2866 1657 2919 (19100)
1705 2865 1730 2921 ξ
1762 2867 1861 2913 305,

226 2938 261 2976 p.
287 2928 371 2966 274
389 2940 475 2978 sqq.
519 2930 589 2969 Th.
612 2930 709 2975 Birt,
753 2930 831 2968 Zur
870 2928 1246 2979 Kulturgeschichte
1288 2928 1424 2973 Roms,
1469 2940 1504 2966 a.
1533 2925 1665 2966 19112
1705 2939 1743 2978 p.
1769 2927 1864 2968 146.

350 2985 377 3038 2)
411 2987 540 3028 Herm.
563 2990 642 3027 vol.
666 2989 771 3028 XXII
803 2989 852 3040 (a.
880 2988 1004 3040 1887)
1036 3000 1073 3038 p.
1095 2988 1181 3027 274
1198 3000 1286 3038 sqq.
