1936 3366
757 300 1053 342 ,57-

86 419 140 462 de
182 418 268 462 hac
309 432 355 462 re
396 418 649 461 invenimus
692 417 809 475 apud
840 418 1074 462 Manitium
1105 418 1152 462 in
1183 418 1293 462 Mus.
1315 417 1454 461 Rhen.
1478 417 1561 462 vol.
1581 417 1719 460 XLVI

84 505 125 547 p.
150 490 254 533 622:
310 489 439 546 „Man
482 490 646 533 ersieht
687 504 769 533 aus
812 490 960 544 obiger
997 489 1479 545 Zusammenstellung,
1523 488 1608 532 dass
1649 488 1718 532 die

86 560 522 619 monosyllabischen
544 562 784 616 Ausgange
815 562 897 605 mit
919 561 996 604 der
1015 562 1111 605 Zeit
1130 561 1286 605 immer
1306 560 1431 604 mehr
1451 559 1717 615 abnehmen,

84 632 241 690 J'edoch
283 633 364 676 mit
397 632 654 675 Ausnahme
697 632 772 676 der
813 633 1075 676 satirischen
1106 632 1340 687 Dichtung.
1401 631 1503 675 Erst
1543 631 1610 674 als
1648 630 1717 675 die

85 703 338 747 christliche
370 703 526 747 Poesie
559 703 732 748 starker
762 704 962 760 einsetzt,
1004 705 1163 748 nimmt
1192 704 1286 748 ihre
1317 703 1427 747 Zahl
1456 703 1622 747 wieder
1652 718 1717 746 zu.

84 774 143 818 Es
194 775 385 829 scheint,
433 774 519 818 dass
562 774 630 819 die
673 775 953 819 christlichen
994 775 1173 819 Dichter
1213 774 1350 819 durch
1393 776 1463 818 ein
1504 775 1716 830 gewisses

84 846 464 891 archaisierendes
484 846 695 902 Moment,
727 847 920 890 welches
953 846 1045 890 sich
1078 847 1192 891 auch
1214 848 1343 890 sonst
1364 847 1589 890 erkennen
1608 845 1715 900 lasst,

87 918 200 961 dazu
231 918 447 973 bewogen
479 918 678 972 wurden,
709 920 812 974 jene
844 917 920 961 der
950 918 1155 962 frfiheren
1179 917 1293 976 Epik
1325 917 1578 973 gelaufigen
1598 918 1716 960 Aus-

85 992 228 1044 gange
259 989 606 1034 anzuwenden“.

204 1060 500 1104 Terentianus
551 1061 685 1116 igitur
734 1062 819 1104 hac
869 1061 916 1104 in
966 1061 1139 1105 ratione
1189 1061 1372 1104 metrica
1422 1074 1523 1104 cum
1572 1061 1715 1118 poetis

84 1132 337 1175 christianis
390 1133 629 1187 consentit,
683 1132 757 1189 qui
810 1133 987 1176 omnino
1034 1146 1123 1176 non
1170 1132 1436 1187 elegantiam
1483 1134 1714 1189 poetarum

81 1203 280 1258 Augusti
326 1205 490 1247 aetatis
534 1202 792 1260 adaequant
831 1218 974 1260 neque
1016 1205 1082 1247 ita
1122 1218 1219 1247 raro
1261 1204 1307 1246 in
1347 1217 1481 1247 versu
1522 1205 1714 1246 exeunte

82 1277 331 1331 posuerunt
360 1289 517 1318 vocem
548 1275 913 1332 monosyllabam.

616 1406 691 1452 De
721 1407 922 1452 senario
955 1407 1186 1452 iambico.

201 1488 397 1546 Scriptor
428 1503 659 1533 caesuram
690 1490 821 1547 plane
853 1489 1050 1545 neglexit
1079 1489 1148 1532 his
1179 1488 1225 1532 in
1257 1488 1476 1532 versibus:

225 1562 339 1603 1716
373 1563 419 1604 et
449 1561 487 1603 D
520 1575 711 1617 sequens
742 1561 969 1616 longam
1001 1561 1187 1618 priorem
1218 1560 1403 1618 perficit,

226 1632 342 1675 2243
374 1632 684 1689 Aristophanis
715 1632 920 1687 ingens
951 1633 1087 1676 micat
1118 1631 1327 1683 sollertia,

223 1704 338 1747 2268
371 1703 449 1747 sed
481 1703 666 1761 simplici
698 1717 921 1747 carmen
951 1718 1030 1760 per
1060 1717 1190 1747 omne
1223 1704 1404 1746 evectus
1437 1704 1550 1757 est.1)

80 1786 323 1842 Diligenter
362 1801 521 1830 versus
561 1787 608 1830 hi
648 1788 768 1844 pacti
808 1801 898 1830 non
930 1789 1056 1841 sunt,
1100 1787 1233 1830 immo
1266 1786 1560 1829 Terentianus
1590 1788 1712 1829 vitu-

80 1857 316 1915 perandus,
349 1859 424 1916 qui
446 1873 603 1902 versus
623 1858 840 1915 pessimos
863 1858 1137 1902 conflaverit.
1184 1857 1330 1901 Minus
1352 1857 1555 1914 peccavit
1575 1857 1622 1900 in
1643 1858 1712 1900 his

78 1930 153 1987 qui
183 1931 362 1974 veniam
392 1929 578 1973 habent:

293 2002 408 2044 2247
442 2001 643 2045 heroicus
677 2015 851 2058 quare
883 2000 1017 2058 pedes
1048 2015 1126 2058 per
1156 2000 1367 2055 singulos,

294 2073 410 2116 2288
443 2073 505 2116 sic
537 2073 744 2116 creticum
778 2073 963 2129 siquis
995 2072 1105 2116 velit
1138 2071 1397 2127 disiungere.

90 2156 211 2209 Quae
243 2156 288 2200 L.
311 2156 467 2200 Mfiller
498 2156 750 2213 exposuit,²)
781 2156 853 2200 hic
882 2155 1070 2199 habeas:
1106 2154 1238 2212 „illud
1275 2158 1427 2199 autem
1459 2168 1549 2198 non
1581 2154 1708 2198 modo

88 2227 329 2283 inelegans,
373 2228 449 2271 sed
491 2227 668 2282 falsum,
712 2227 949 2285 spondiaco
990 2227 1126 2271 verbo
1158 2227 1338 2270 tertium
1368 2225 1525 2283 pedem
1555 2227 1707 2281 teneri,

87 2300 296 2356 quoniam
337 2300 402 2342 ita
442 2300 574 2357 plane
615 2313 706 2343 non
746 2299 849 2343 licet
890 2302 1051 2356 quarta
1091 2299 1207 2342 thesi
1249 2297 1450 2341 abstrahi
1490 2296 1709 2354 syllabam

84 2370 420 2427 praecedentem
452 2372 490 2414 si
521 2371 603 2414 erit
627 2370 1032 2428 hephthemimeris.
1079 2371 1128 2413 at
1148 2370 1186 2413 si
1206 2371 1310 2427 post
1329 2368 1509 2412 finitum
1529 2369 1709 2411 tertium

81 2440 239 2498 pedem
291 2442 374 2485 erit
424 2441 726 2495 incidendum,
778 2442 903 2485 vides
955 2440 1243 2498 spondiacum
1293 2440 1447 2483 haberi
1498 2454 1708 2483 caesurae

80 2512 350 2570 rhythmum,
399 2515 473 2571 qui
504 2514 668 2570 pariter
705 2515 751 2556 et
792 2528 820 2556 a
860 2512 1081 2556 trochaico
1124 2515 1170 2556 et
1210 2512 1267 2555 ab
1308 2510 1494 2554 iambico
1535 2510 1710 2565 longest

79 2583 251 2626 alienus
282 2586 507 2628 numero“.

196 2655 379 2698 Praeter
400 2656 712 2699 Terentianum
746 2654 896 2698 nullus
929 2655 1112 2712 scriptor
1138 2653 1252 2697 tales
1275 2654 1472 2697 senarios
1493 2653 1708 2709 pessimos

79 2726 257 2783 scripsit
298 2726 384 2770 nisi
422 2727 804 2782 Prudentius,
849 2740 1036 2783 quocum
1068 2725 1362 2769 Terentianus
1404 2724 1493 2767 alia
1534 2738 1707 2781 quoque

78 2798 334 2840 communia
363 2798 512 2841 habet.
574 2799 778 2853 Legimus
810 2797 891 2841 hos
922 2811 1095 2841 versus:

197 2929 227 2981 1)
261 2931 371 2969 Conf.
393 2931 544 2977 Werth,
579 2932 602 2970 l.
624 2932 648 2973 l.
681 2945 717 2982 p.
743 2933 808 2970 10.

198 2989 227 3040 2)
259 2990 317 3028 De
348 3001 389 3028 re
421 2989 616 3029 metrica2
645 3003 682 3040 p.
706 2991 802 3029 261.
