1936 3366
758 274 1056 316 —21—

205 391 247 434 A
278 391 423 435 medio
455 391 590 447 igitur
620 393 777 449 quarto
810 392 989 436 saeculo
1022 392 1279 445 saepissime
1309 396 1331 444 f
1358 406 1435 449 pro
1458 410 1492 448 <p
1514 393 1724 449 scriptum

87 463 169 518 est,
203 464 339 519 atque
371 463 508 507 etiam
539 462 717 507 saeculo
749 463 882 507 tertio
913 463 1026 507 haec
1058 464 1276 521 scriptura
1306 464 1397 507 iam
1427 464 1474 507 in
1501 463 1723 521 lapidibus

85 533 327 589 invenitur,
362 534 442 578 sed
472 534 695 578 rarissime
727 534 906 578 saeculo
939 533 1146 578 secundo.
1197 534 1278 578 His
1309 535 1538 592 perpensis
1560 538 1722 578 Teren-

86 604 263 648 tianum
295 605 473 649 saeculo
505 605 637 649 tertio
669 606 896 663 scripsisse
928 605 1184 650 statuimus.

762 783 946 841 Caput
976 783 1048 828 IV.

379 868 468 923 De
506 881 576 922 ae
613 870 674 923 et
712 881 742 922 e
778 868 1118 936 promiscue
1156 869 1396 923 habitis

199 986 370 1030 Dehinc
380 989 665 1030 transeamus
682 986 740 1030 ad
756 987 891 1030 aliam
903 1000 1008 1042 rem,
1023 1000 1138 1044 quae
1154 987 1366 1030 memoria
1383 985 1517 1041 digna
1531 987 1718 1031 videtur.

81 1057 151 1100 Ad
192 1058 374 1100 tertium
416 1058 534 1101 enim
575 1058 805 1101 saeculum
846 1072 901 1102 ea
940 1058 1157 1115 pertinere
1199 1058 1307 1101 mihi
1338 1058 1558 1114 videntur,
1603 1072 1717 1116 quae

79 1128 268 1183 legimus
298 1129 344 1172 in
375 1143 416 1173 v.
438 1130 525 1172 486
548 1143 640 1186 sqq.

221 1211 299 1255 EV
330 1214 485 1256 manet
516 1214 729 1270 correpta,
763 1227 936 1270 semper
967 1214 1038 1256 est
1068 1213 1186 1270 quod
1218 1230 1237 1255 ε
1265 1226 1472 1267 graecum
1496 1213 1645 1257 breve:

222 1283 383 1327 litteris
416 1288 462 1327 et
492 1282 527 1326 E
559 1282 712 1327 latinis
744 1298 879 1341 saepe
911 1298 1012 1327 cum
1043 1284 1104 1327 sit
1135 1283 1381 1337 dichronos,

220 1355 342 1398 facta
374 1354 672 1412 diphthongos
703 1355 906 1412 nequibit
937 1369 1036 1398 esse
1068 1355 1269 1412 producti
1300 1355 1410 1411 soni,

221 1440 304 1469 nec
335 1426 469 1483 pedes
500 1426 659 1470 idcirco
691 1425 873 1470 fraudat
904 1429 1153 1484 temporum
1184 1426 1303 1469 iusto
1335 1425 1486 1481 m0d03

221 1496 339 1540 hanc
370 1497 488 1540 enim
520 1498 558 1540 si
587 1498 914 1554 protrahamus,
946 1498 987 1541 A
1019 1497 1210 1551 sonabit,
1242 1496 1278 1540 Ε
1311 1499 1357 1540 et
1387 1497 1439 1552 U,

221 1567 442 1625 syllabam
472 1582 554 1612 nec
585 1569 838 1612 invenimus
871 1583 927 1612 ex
957 1568 1100 1612 tribus
1130 1567 1372 1612 vocalibus.

219 1641 282 1683 sic
312 1640 650 1683 Aristaeum
680 1643 888 1683 notamus
922 1641 1134 1697 quattuor
1164 1654 1244 1697 per
1274 1640 1484 1697 syllabas,

219 1710 336 1768 quod
368 1711 453 1755 sibi
484 1711 781 1768 diphthongos
811 1710 889 1755 AE
920 1712 1010 1754 iam
1041 1711 1220 1755 tertiam
1250 1725 1340 1755 non
1370 1711 1514 1767 iungit
1544 1711 1626 1766 U.1)

193 1806 263 1850 Ad
293 1807 375 1850 hos
402 1820 558 1850 versus
579 1806 837 1850 Petrecinus
870 1806 1060 1850 adnotat
1079 1806 1241 1860 haee2):
1276 1810 1368 1864 „Eu
1388 1805 1711 1863 diphthongum

75 1880 272 1935 correpte
303 1878 580 1935 pronuntiari
601 1877 773 1922 Graeca
792 1879 905 1922 ratio
928 1878 1215 1932 demonstrat,
1249 1877 1355 1934 quia
1375 1877 1494 1934 apud
1517 1877 1709 1922 Graecos

73 1967 93 1992 ε
115 1963 288 2006 semper
308 1950 380 1992 est
399 1949 565 1993 brevis:
586 1963 669 1993 nec
690 1952 843 1993 tamen
864 1949 999 2006 pedes
1023 1950 1116 1992 suis
1138 1949 1411 2006 temporibus
1432 1948 1709 1993 fraudantur.

74 2020 122 2064 Si
152 2035 258 2064 vero
288 2020 401 2064 haec
429 2020 561 2064 litera
592 2035 621 2064 a
651 2020 869 2064 scribetur
899 2023 1005 2064 ante
1038 2034 1095 2065 eu
1116 2020 1440 2077 diphthongum
1467 2034 1558 2064 non
1578 2023 1709 2077 putes

75 2178 261 2223 Severus,
307 2178 395 2217 also
437 2179 543 2217 nach
584 2179 652 2217 der
682 2179 837 2217 Wende
869 2179 940 2217 des
973 2175 1072 2230 2.s3.
1094 2178 1230 2217 Jahrh.
1262 2190 1300 2216 11.
1333 2178 1431 2223 Chr„
1466 2178 1709 2227 regelmassig

71 2238 152 2276 seit
173 2238 242 2275 der
262 2238 432 2276 zweiten
453 2238 589 2277 Halfte
611 2239 681 2276 des
703 2239 742 2278 4.
760 2238 898 2279 Jahrh.
920 2238 1045 2276 durch
1066 2238 1136 2278 lat.
1157 2238 1175 2276 f
1194 2238 1557 2286 wiedergegeben.“
1593 2237 1707 2275 Adde

72 2296 137 2334 W.
160 2297 344 2343 Corssen,
386 2291 492 2335 Uber
531 2298 802 2347 Aussprache,
846 2297 1107 2336 Vokalismus
1148 2298 1231 2335 und
1273 2297 1485 2346 Betonung
1527 2297 1597 2334 der
1636 2296 1706 2336 lat.

73 2356 250 2406 Sprache
290 2354 328 2394 12*
369 2369 405 2406 p.
433 2357 513 2395 172
538 2369 624 2407 sqq.
693 2357 734 2395 E.
767 2357 992 2401 Seelmann,
1037 2357 1100 2394 die
1140 2357 1399 2406 Aussprache
1442 2356 1512 2394 des
1554 2355 1704 2395 Latein.

71 2415 217 2454 Heilbr.
249 2415 359 2454 1885
393 2428 430 2465 p.
454 2416 550 2454 261.
611 2416 676 2455 W.
697 2416 747 2455 M.
769 2416 959 2466 Lindsay‚
1009 2416 1072 2454 die
1113 2416 1183 2455 lat.
1216 2415 1404 2466 Sprache.
1445 2409 1580 2453 Ubers.
1623 2426 1705 2453 von

69 2474 117 2512 H.
137 2474 253 2513 Nohl.
283 2475 413 2524 Leipz.
446 2487 483 2516 a.
509 2475 619 2514 1897
652 2488 689 2525 p.
716 2476 781 2516 13.

188 2532 219 2584 1)
252 2534 291 2572 C.
313 2534 560 2572 Lachmanni
592 2535 682 2574 adn.
704 2535 756 2572 ad
777 2535 931 2573 Lucret.
953 2547 990 2573 v.
1014 2535 1098 2574 657
1132 2547 1169 2584 p.
1192 2534 1289 2572 384.
1322 2534 1381 2572 ed.
1403 2533 1491 2573 alt.:
1533 2533 1703 2579 „Teren-

67 2593 207 2631 tianus
247 2593 413 2632 Maurus
454 2606 491 2644 p.
515 2594 629 2632 2393
672 2606 753 2633 non
794 2594 1047 2644 reprehendit
1087 2606 1158 2632 eos
1196 2593 1264 2643 qui
1296 2604 1384 2631 caea
1424 2592 1489 2630 vel
1519 2591 1704 2640 AEupolin

69 2663 139 2701 per
169 2652 446 2701 diphthongon
477 2653 655 2692 dicerent
685 2654 757 2692 sed
789 2654 858 2703 qui
889 2654 1019 2703 priore
1050 2653 1185 2691 vocali
1206 2653 1403 2701 producta
1425 2651 1703 2700 diphthongon

69 2711 312 2757 diduceoent,
346 2714 393 2750 ut
421 2711 612 2751 A-urunci
642 2714 682 2750 et
713 2724 816 2750 cae-u
847 2714 1040 2751 sonarent
1070 2714 1117 2750 ut
1146 2710 1371 2749 Archela-us
1402 2712 1442 2748 et
1467 2709 1701 2755 Aristarc-u&

69 2782 316 2819 quamquam
346 2772 640 2820 productiorem
681 2783 827 2810 sonum
868 2771 1051 2809 concedit
1090 2770 1237 2818 auspici
1277 2772 1317 2808 et
1347 2780 1442 2808 auro
1475 2771 1514 2807 et
1545 2769 1699 2808 Graeco

67 2828 229 2881 αὔριον,
260 2829 377 2867 cuius
408 2830 657 2869 differentiae
689 2842 858 2869 causam
888 2842 970 2869 non
1001 2830 1211 2879 perspicio,
1250 2840 1330 2866 rem
1362 2840 1443 2866 non
1466 2828 1596 2874 miror,
1631 2829 1700 2879 qui

67 2889 194 2926 sciam
225 2889 480 2927 Petrarcham
511 2890 724 2940 scripsisse
756 2889 839 2927 Pur
869 2888 1056 2927 Faustina
1086 2888 1117 2926 il
1144 2888 1187 2935 fa
1217 2888 1282 2936 qui
1310 2889 1410 2926 stare
1438 2899 1463 2925 a
1491 2890 1637 2936 seyne}

187 2946 216 2999 ²)
250 2947 306 2988 Cf.
338 2947 649 2998 Hephaestionis
681 2948 951 2987 encheiridion
983 2948 1041 2986 ed.
1076 2947 1275 2985 Gaisford.
1307 2947 1341 2984 II
1373 2958 1463 2996 pag.
1485 2947 1582 2987 449.
