1936 3366
751 286 1047 329 —33—

197 405 343 445 Nomen
363 403 410 446 in
432 402 623 447 editione
639 403 958 448 Mediolanensi
978 404 1148 459 legitur.
1195 403 1284 449 Sed
1305 419 1404 449 cum
1425 405 1508 449 hoc
1523 406 1710 449 verbum

80 487 261 517 sensum
291 474 500 518 idoneum
532 489 623 518 non
652 476 877 532 praebeat,
909 475 1168 519 Lachmann
1187 491 1332 519 momen
1352 476 1552 532 coniecit,
1586 476 1704 534 quod

79 558 262 588 sensum
293 560 402 589 sane
434 546 627 603 praebet.
680 546 901 591 Facillime
933 549 1083 591 autem
1114 547 1212 591 fieri
1240 548 1401 604 potuit,
1433 550 1486 591 ut
1505 547 1710 592 librarius

78 618 137 659 ‘n'
183 616 378 660 litteram
424 631 501 674 pro
548 620 620 660 ‘m'
667 621 861 675 poneret.
930 619 992 662 At
1036 632 1142 662 vero
1190 618 1387 674 Werth1)
1434 619 1710 663 Lachmanni

78 688 376 731 coniecturam
408 703 498 732 non
529 688 689 745 probat
721 691 767 732 et
795 688 968 732 litteras
999 689 1148 747 potius
1178 690 1198 732 Ι
1228 692 1363 747 atque
1384 690 1423 733 U
1451 693 1708 735 commutat.

77 757 260 816 Scripsit
300 759 432 804 haec:
483 761 595 817 „662
631 760 808 805 Lachm.
847 775 991 803 momen
1033 761 1219 804 coniecit
1259 763 1306 804 et
1346 764 1462 805 certe
1505 762 1622 819 quod
1660 761 1706 805 M

76 830 261 886 praebet
290 830 393 874 ferri
424 845 514 874 non
535 832 694 888 potest.
747 831 833 875 Sed
854 846 911 875 ne
932 846 1003 876 vv.
1020 833 1106 876 663
1128 834 1174 876 et
1195 833 1282 876 664
1303 847 1438 876 sensu
1458 834 1700 890 priventur,

75 900 250 946 litterae
282 902 300 944 I
331 904 378 946 et
407 902 446 945 U
477 903 819 947 commutandae
851 906 976 947 sunt:
1007 919 1138 946 nomen
1174 907 1213 946 U
1235 907 1332 956 qnod
1357 908 1594 947 consonantis
1612 904 1651 959 (i.
1669 919 1704 949 e.

74 976 288 1026 diqammon
326 987 489 1017 nomen
531 974 697 1029 habet),
739 977 766 1016 1
793 978 909 1017 vicem
946 979 1064 1017 solam
1092 977 1227 1028 yet-it&
1290 975 1413 1029 Quod
1444 977 1597 1019 tamen
1627 976 1704 1020 vix

74 1043 214 1088 habet
243 1059 330 1101 quo
363 1044 706 1089 commendetur.

191 1118 347 1158 Momen‘
383 1130 520 1159 sensu
550 1117 722 1174 proprio
752 1117 843 1160 iam
873 1117 991 1175 apud
1021 1117 1277 1161 Lucretium
1307 1119 1469 1161 exstat.
1531 1117 1619 1162 Sed
1650 1133 1706 1162 ea

72 1187 408 1243 significatione,
432 1202 520 1244 qua
537 1188 831 1232 Terentianus
847 1189 1034 1232 verbum
1049 1189 1251 1246 posuisse
1267 1189 1455 1243 videtur,
1478 1190 1705 1233 invenitur

73 1257 316 1314 apudArn
329 1259 407 1303 ob.
422 1259 472 1315 H,
486 1260 543 1302 49
565 1265 602 1301 et
617 1275 691 1302 non
711 1263 819 1302 modo
838 1275 913 1302 non
930 1264 1056 1312 parvi,
1076 1263 1140 1302 sed
1158 1275 1232 1303 esse
1250 1263 1392 1303 nullius
1411 1263 1704 1304 aistimandum

72 1334 128 1371 aet
151 1333 338 1379 mominis,
382 1344 515 1387 quem
549 1330 695 1375 locum
725 1331 869 1375 lexica
899 1331 1108 1375 afferunt.
1168 1331 1407 1375 Praeterea
1436 1331 1704 1375 vocabulum

71 1399 258 1456 legimus
299 1400 418 1458 apud
460 1401 649 1446 eundem
691 1402 945 1459 scriptorem
965 1402 1083 1457 11,35
1123 1406 1299 1444 mortales
1338 1418 1450 1455 quam
1478 1418 1606 1445 snmus
1634 1418 1703 1445 nos

70 1475 146 1524 ipsi
174 1478 210 1514 et
238 1475 376 1514 nulli-us
406 1476 507 1525 apud
528 1477 743 1526 principem
771 1477 976 1516 mominis?
1007 1474 1058 1530 ΙΙ,
1076 1474 1132 1517 39
1163 1477 1316 1516 desinite
1344 1489 1404 1516 res
1422 1489 1569 1526 parvas
1591 1480 1702 1527 atque

70 1547 198 1597 ntiqui
226 1547 402 1586 mominis
430 1548 656 1587 immanibus
677 1548 814 1597 preliis
843 1548 1050 1589 aestimare.

188 1616 338 1672 Atque
369 1616 505 1659 etiam
535 1615 749 1660 Marius
771 1616 1112 1660 Victorinus
1132 1616 1217 1660 hoc
1235 1616 1371 1660 verbo
1393 1617 1570 1660 videtur
1590 1631 1700 1660 usus

71 1700 169 1730 esse
180 1686 242 1729 VI
253 1687 323 1742 36,
342 1687 397 1730 27
411 1686 471 1730 K:
495 1690 599 1729 cuius
621 1687 723 1742 (scil.
746 1691 950 1730 communis
963 1690 1137 1742 syllabae)
1153 1691 1358 1739 exemplum
1372 1691 1475 1740 apud
1489 1691 1699 1730 Homerum

69 1758 204 1813 ἄνδρα
234 1775 311 1813 μοι
340 1761 485 1802 ἔννεπε
515 1760 688 1809 Μοῦσα,
719 1762 821 1811 apud
849 1765 1017 1801 nostrum
1036 1761 1193 1801 einsulae
1220 1761 1331 1801 Ionio
1355 1762 1398 1800 in
1416 1761 1575 1811 mayno'.
1607 1775 1696 1801 nam

68 1832 135 1870 sub
165 1832 234 1871 tali
265 1832 404 1883 (subtili
424 1829 509 1872 AB
522 1830 564 1879 S,
597 1834 663 1872 sub
692 1834 760 1872 illa
790 1830 902 1885 Keil)
935 1833 1186 1873 coniunctione
1215 1833 1344 1883 lonqae
1372 1845 1464 1882 quae
1488 1836 1574 1872 sunt
1590 1834 1701 1873 huius

68 1902 181 1952 modi,
211 1903 402 1953 utriusque
429 1904 570 1943 vocalis
598 1917 729 1943 nomen
758 1906 967 1951 ineam-ant,
1001 1907 1035 1943 et
1064 1905 1105 1943 in
1135 1904 1321 1944 collisione
1339 1905 1504 1954 spatium
1524 1904 1699 1954 temporis

67 1973 152 2023 ipsa
174 1975 451 2024 pronuntiandi
481 1976 662 2014 celeritate
693 1976 921 2015 consumitur
941 1987 976 2016 e.
999 1987 1037 2029 q.
1060 1987 1093 2016 s.
1144 1972 1311 2026 Quibus
1332 1972 1379 2015 in
1399 1972 1546 2016 verbis
1565 1988 1696 2014 nomen

67 2055 158 2086 non
187 2045 306 2086 recte
336 2043 552 2086 traditum
583 2054 686 2087 esse*
712 2044 900 2092 videtur
951 2043 1049 2097 Qua
1080 2044 1134 2087 de
1163 2057 1299 2088 causa
1320 2043 1366 2087 Ο.
1382 2042 1532 2087 Hense
1552 2059 1695 2086 momen

67 2113 302 2168 restituit2)
344 2114 613 2195 vocabulum
653 2115 928 2159 librariorum
967 2114 1232 2159 festinantia
1272 2115 1557 2158 obscuratum
1598 2128 1696 2158 esse

68 2185 310 2242 suspicans.

791 2281 974 2319 nitela.

210 2366 249 2395 v.
272 2352 357 2395 216
389 2351 476 2396 Sed
506 2353 714 2407 graecula
744 2353 965 2410 quaedam
995 2329 1212 2396 scholicae
1243 2351 1383 2395 nitela
1414 2351 1552 2395 vocis.

184 2434 279 2479 Hoc
309 2435 496 2479 verbum
525 2436 616 2480 iam
647 2435 766 2493 apud
795 2435 955 2493 Apul.
986 2435 1097 2493 apol.
1119 2436 1146 2478 6
1177 2435 1415 2489 invenitur,
1447 2434 1524 2477 ubi
1554 2434 1694 2489 signi-

65 2505 320 2550 ficationem
361 2506 500 2550 habet
543 2506 895 2564 „Glanzmittel“.
955 2506 1169 2564 Apuleius
1211 2506 1328 2550 enim
1359 2506 1533 2561 scripsit
1562 2505 1695 2549 haec:

65 2579 164 2625 misi,
196 2583 240 2618 ut
259 2581 399 2629 petisti,
429 2577 546 2637 (tibi)
570 2581 774 2621 munditias
793 2581 966 2627 dentium,
998 2581 1131 2620 nitelas
1151 2580 1230 2619 oris
1248 2592 1295 2618 m:
1314 2579 1490 2618 Arabicis
1508 2579 1689 2629 frugibus.

67 2647 359 2692 Terentianus
381 2652 532 2693 autem
553 2650 639 2693 hac
658 2663 766 2694 voce
787 2648 1005 2692 translate
1026 2663 1135 2691 usus
1158 2650 1237 2691 est.
1283 2647 1390 2690 Eius
1412 2647 1531 2690 modi
1549 2646 1693 2690 lexica

66 2718 178 2762 duos
210 2718 396 2762 Solini
425 2719 545 2764 locos
577 2720 795 2765 afferunt:
827 2720 937 2776 22,5
967 2735 1056 2762 nam
1086 2725 1121 2761 et
1141 2722 1348 2771 praeciffla
1377 2721 1474 2760 viris
1498 2722 1622 2771 gloria
1642 2724 1696 2761 est

185 2839 214 2891 1)
245 2841 304 2879 De
335 2841 418 2880 Ter.
451 2854 566 2880 serm.
598 2844 639 2881 et
669 2844 745 2881 aet.
777 2854 814 2892 p.
838 2842 921 2880 315
954 2841 1043 2879 adn.
1069 2843 1105 2880 1.

184 2898 213 2950 ²)
245 2900 303 2938 De
344 2900 445 2938 Iuba
485 2901 715 2951 artigrapho
758 2900 812 2950 (in
852 2902 937 2938 Act.
981 2900 1117 2939 societ.
1158 2899 1292 2949 philol.
1334 2898 1447 2948 Lips.'
1481 2901 1591 2939 tomo
1619 2899 1687 2951 IV)

64 2971 101 3008 p.
128 2958 210 2997 110
222 2971 281 3008 sq.

135 3031 223 3060 Βίοις.
1431 3026 1455 3061 3
