1936 3366
917 299 1214 342 -34-

243 423 286 461 in
314 434 511 461 armorum
541 421 654 460 nitela
685 419 732 462 et
763 418 832 474 23,
846 419 874 461 4
908 420 1117 471 depuryant
1143 421 1185 460 in
1215 421 1377 461 minium
1406 421 1540 461 nitelas
1563 421 1743 472 pulveris.
1802 416 1890 462 Sed

244 491 430 549 priorem
462 489 607 534 locum
642 490 839 547 spurium
867 503 966 533 esse
988 489 1248 546 Mommsen,
1284 490 1423 534 Solini
1444 489 1585 534 editor
1606 489 1890 541 clarissimae,

245 565 420 619 censet3
464 576 569 606 nam
613 561 757 605 solum
798 561 844 605 in
886 563 1012 619 parte
1053 560 1252 605 codicum
1288 562 1442 617 (SAP)
1475 561 1613 606 verba
1642 561 1777 605 huius
1806 560 1891 606 loci

246 634 466 690 leguntur.
500 633 580 677 Vir
601 633 758 677 doctus
779 632 948 691 profert
968 634 1080 677 haec
1100 633 1146 676 in
1167 633 1304 691 praef.
1329 633 1431 677 edit.
1454 648 1495 691 p.
1512 634 1569 677 48
1578 647 1641 691 sq.
1666 633 1891 691 „Tertium

248 707 562 761 argumentum
595 705 730 749 offert
758 705 883 749 locus
915 704 970 749 de
999 705 1214 749 Hibernia
1244 720 1284 763 p.
1308 705 1599 760 234,12-20
1622 720 1814 758 puerpera
1831 729 1892 736 —

249 779 363 820 nitela
403 777 488 820 illis
527 776 581 820 de
614 777 775 834 quibus
807 777 981 832 agimus
1012 791 1089 834 per
1121 777 1271 821 omnia
1301 777 1368 820 ita
1398 776 1567 832 similis,
1612 779 1663 820 ut
1693 774 1891 820 eiusdem

247 849 442 894 auctoris
490 863 588 893 esse
630 849 709 893 vix
750 849 904 903 negari
946 850 1104 906 queat:
1153 848 1271 906 quod
1313 848 1602 893 enuntiatum
1644 862 1743 892 cum
1784 847 1891 892 sub-

247 921 502 965 ministrent
532 919 615 964 soli
646 921 817 965 codices
851 920 1007 964 classis
1039 920 1199 964 tertiae
1233 920 1450 964 sescentis
1481 919 1589 964 locis
1612 918 1891 978 interpolati,

248 992 333 1036 hoc
364 992 542 1050 quidem
573 992 668 1036 loco
698 992 880 1050 plenum
902 991 1102 1035 Solinum
1136 992 1265 1036 nobis
1298 992 1507 1036 exhibere
1539 1006 1617 1035 eos
1648 991 1768 1036 solos
1794 990 1894 1049 quis

251 1064 437 1109 credet?
469 1064 604 1108 immo
636 1063 908 1122 probabilius
940 1064 1070 1119 longe
1104 1063 1167 1107 sic
1198 1066 1452 1108 statuemus
1473 1063 1828 1122 interpolationis
1846 1062 1895 1106 in

253 1136 453 1193 margine
492 1138 676 1194 coeptae
709 1135 884 1194 potiora
915 1135 1135 1193 quaedam
1167 1135 1241 1179 vel
1272 1135 1319 1179 in
1350 1135 1539 1179 classem
1572 1133 1815 1179 secundam
1845 1149 1896 1178 se

249 1208 503 1252 insinuasse
533 1209 652 1263 ante,
686 1222 822 1265 quam
843 1209 944 1251 tota
965 1209 1142 1251 textum
1163 1207 1399 1251 invaderet
1419 1221 1607 1265 eamque
1629 1220 1744 1264 quae
1764 1205 1895 1251 nobis

249 1280 385 1324 tertia
416 1282 486 1324 est
517 1279 735 1324 familiam
767 1279 1007 1323 efficeret“.

369 1351 503 1396 Porro
546 1354 699 1395 autem
741 1350 1009 1396 vocabulum
1050 1352 1096 1395 in
1142 1350 1232 1406 glo
1247 1350 1457 1395 ssariis
1497 1350 1680 1406 legitur:
1721 1351 1894 1392 ‘nime’

250 1427 386 1467 nitoris
425 1426 627 1466 diminutio
670 1423 791 1481 Corp.
824 1421 966 1467 Gloss.
994 1422 1091 1466 Lat.
1134 1422 1218 1477 (ed.
1249 1422 1597 1478 Loewe-Goetz)
1629 1421 1690 1466 IV
1708 1422 1807 1477 123,
1825 1422 1896 1465 43.

252 1498 428 1538 ‘nitellae'
445 1499 586 1538 nitores
599 1498 846 1538 diminutivae
857 1494 899 1538 C.
916 1495 1058 1539 Gloss.
1069 1494 1166 1538 Lat.
1178 1494 1238 1537 IV
1250 1495 1351 1549 541,
1364 1494 1433 1538 56.
1456 1493 1608 1549 V313,
1622 1494 1691 1537 42.
1712 1493 1896 1549 347,59.

252 1570 429 1610 ‘nitellae'
450 1571 590 1609 nitores
613 1570 734 1620 parvi
754 1566 815 1610 IV
833 1567 933 1619 262,
952 1568 991 1610 6.
1023 1567 1125 1623 368,
1141 1567 1211 1610 46.
1243 1566 1284 1610 V
1300 1566 1400 1621 468,
1419 1566 1488 1609 20.
1519 1566 1620 1622 528,
1637 1566 1696 1609 38
1721 1567 1895 1608 ‘nitellae’

253 1642 395 1682 nitores
408 1642 540 1692 parvi,
563 1641 706 1681 nitores
726 1641 905 1681 diminuti
924 1637 1015 1698 (ve)
1035 1638 1076 1681 V
1093 1639 1193 1694 605,
1213 1639 1282 1683 45.
1314 1641 1459 1680 ‘nitille'
1481 1642 1620 1680 nitores
1640 1636 1700 1681 IV
1718 1637 1816 1692 125,
1827 1637 1897 1681 25.

1000 1815 1155 1844 sermo.

254 1893 295 1923 v.
318 1879 403 1922 797
436 1877 477 1920 K
509 1877 710 1921 similiter
742 1878 888 1922 otiosa
920 1878 1079 1921 ceteris
1112 1878 1403 1933 sermonibus,

431 1952 540 1993 tunc
560 1949 607 1992 in
628 1963 715 1993 usu
747 1952 828 2005 est,
862 1963 963 1993 cum
994 1948 1026 1992 k
1038 1948 1127 1994 ale
1143 1963 1174 1992 n
1187 1948 1215 1992 d
1227 1963 1287 1993 as
1310 1949 1580 1994 adnotamus
1603 1952 1684 1994 aut
1703 1948 1734 1992 k
1745 1963 1812 2007 ap
1823 1964 1855 1993 u
1866 1951 1898 1994 t.

256 2032 381 2077 Adde
413 2047 486 2076 vv.
509 2034 609 2088 841,
651 2034 750 2088 945,
785 2034 913 2088 1113,
948 2034 1076 2089 1131,
1121 2034 1248 2090 1202,
1283 2034 1409 2089 1262,
1445 2033 1573 2089 1272,
1610 2033 1736 2089 1278,
1771 2033 1898 2088 1281,

259 2105 388 2159 1318,
423 2105 552 2160 1659,
587 2105 715 2159 1943,
749 2105 879 2159 2024,
912 2105 1040 2148 2591.

375 2175 590 2220 Omnibus
623 2176 693 2219 his
723 2175 832 2220 locis
864 2191 986 2218 sermo
1017 2175 1245 2232 significat
1265 2179 1416 2218 verbum
1437 2177 1511 2220 vel
1530 2179 1759 2220 vocabulum.
1810 2164 1900 2220 Sed

257 2247 344 2292 alio
375 2261 512 2291 sensu
543 2262 665 2292 sermo
697 2246 817 2305 apud
846 2250 999 2305 Pomp.
1023 2246 1107 2303 dig.
1131 2248 1201 2303 28,
1220 2248 1261 2302 5,
1284 2249 1353 2291 29.
1400 2247 1573 2306 Ulpian.
1595 2247 1679 2303 dig.
1701 2249 1742 2304 7,
1767 2249 1807 2304 1,
1829 2247 1899 2291 20.

258 2319 343 2376 dig.
365 2320 435 2376 11,
458 2321 499 2373 7,
522 2320 548 2362 2
580 2319 755 2375 legitur,
787 2319 866 2362 ubi
895 2318 1013 2363 idem
1044 2321 1114 2363 est
1145 2319 1263 2376 quod
1293 2322 1533 2363 enuntiatum.

377 2389 544 2435 Eadem
577 2390 902 2447 significatione
934 2405 1025 2448 qua
1055 2390 1352 2435 Terentianus
1383 2390 1651 2435 vocabulum
1683 2389 1900 2445 adhibuit,

258 2463 484 2508 invenitur
530 2461 650 2520 apud
690 2462 939 2506 Diomed.
961 2464 985 2507 I
1008 2463 1094 2506 339
1131 2462 1172 2505 K
1195 2463 1401 2520 (passim).
1447 2477 1487 2520 p.
1519 2463 1619 2518 340,
1635 2463 1705 2507 36.
1750 2477 1791 2520 p.
1812 2462 1898 2506 341

260 2535 466 2592 (passim).
529 2534 680 2579 Serv.
712 2533 771 2578 ad
813 2533 942 2590 Verg.
974 2533 1130 2589 Georg.
1152 2534 1171 2577 I
1194 2534 1251 2578 93
1293 2534 1412 2578 AVT
1454 2532 1682 2577 BOREAE
1722 2532 1900 2577 PENE-

260 2605 506 2650 TRABILE
550 2605 760 2650 FRIGVS
801 2605 1042 2649 ADVRAT
1084 2608 1250 2648 ‘adurat'
1292 2611 1329 2648 et
1364 2608 1416 2648 ad
1462 2608 1575 2647 solem
1614 2611 1651 2647 et
1686 2607 1738 2647 ad
1775 2607 1903 2658 frique

253 2680 441 2731 pertinet:
480 2693 571 2720 nam
605 2693 681 2720 uno
712 2692 879 2720 sermone
907 2680 981 2719 duo
1011 2680 1162 2719 dive-rsa
1192 2680 1378 2720 conclusit.
1429 2676 1531 2720 ibid.
1552 2676 1609 2720 ΠΙ
1630 2677 1718 2721 250
1748 2675 1902 2721 TOTA

262 2749 499 2794 TREMOR
539 2748 920 2793 PERTEMPTET
961 2763 997 2792 e.
1030 2763 1063 2793 c.
1105 2752 1263 2802 siqnatis
1303 2752 1533 2791 sermonibus
1572 2751 1695 2791 utitur
1733 2751 1785 2790 ad
1822 2750 1902 2790 vim

262 2823 405 2863 amoris
424 2823 732 2874 enaqqerandam.
753 2846 812 2852 —
843 2819 1069 2864 Corradini
1090 2834 1217 2878 porro
1239 2819 1322 2863 hos
1343 2820 1463 2863 locos
1487 2818 1679 2864 addidit:
1710 2819 1750 2862 R
1763 2817 1824 2863 uf
1832 2819 1900 2863 in.

264 2891 365 2947 orig.
386 2892 519 2948 princ.
540 2892 559 2935 Ι
580 2893 607 2935 8
641 2894 730 2935 Non
759 2895 857 2934 idem
876 2907 1002 2937 sensus
1026 2895 1082 2934 ibi
1101 2907 1149 2934 ex
1168 2895 1240 2934 isto
1260 2906 1426 2934 sermone
1447 2892 1678 2948 ἀσωμάτου
1698 2893 1901 2942 indicam,

264 2966 329 3015 qui
378 2966 600 3015 ostenditur,
653 2979 736 3006 cum
785 2967 829 3006 de
874 2967 1095 3016 incorporea
1145 2968 1282 3005 natura
1326 2978 1351 3005 a
1390 2965 1627 3016 philosophis
1676 2964 1901 3015 disputatur.
