1936 3366
746 288 1041 332 ..35-

74 404 327 449 Cassiod.
367 406 415 449 in
456 406 527 452 Ps.
555 407 675 462 21,1
719 409 815 456 δέος
853 423 975 450 sermo
1020 410 1188 450 Graecus
1227 413 1292 463 est,
1334 412 1400 462 qui
1438 412 1552 451 latine
1591 412 1709 451 inter-

68 481 247 529 pretatur
277 481 399 520 timor.

477 623 518 652 v.
541 610 598 653 26
630 609 747 667 quod
779 549 1163 668 st-briggianequeat
1194 610 1307 654 vola.

192 695 278 733 vola
307 692 334 736 i.
356 706 394 750 q.
424 694 560 749 θέναρ
579 694 721 749 χειρὸς
751 694 938 737 occurrit
958 693 1077 751 apud
1100 693 1256 738 Paul.
1279 708 1346 738 ex
1366 695 1437 738 Fe
1452 696 1544 738 sto
1566 695 1665 750 370,
1682 696 1707 737 7

74 762 106 816 (Ι
126 777 166 820 p.
188 763 275 806 564
291 777 368 820 sq„
386 763 453 807 ed.
485 764 750 808 Thewrewk
771 763 825 808 de
847 765 1004 819 Ponor)
1029 764 1221 809 VOLAE
1251 765 1568 810 VESTIGIVM
1596 769 1712 808 medii

66 836 179 886 pedis
208 848 420 883 concavum,
452 838 515 877 sed
544 841 581 877 et
601 839 737 887 palma
766 851 899 878 manus
929 838 1042 878 ‘vola'
1076 839 1228 878 dicitur.
1291 836 1528 881 Praeterea
1558 839 1710 881 exstat

77 904 196 962 apud
226 905 356 950 Non.
393 905 642 950 Marcell.
690 908 865 962 416,18
909 910 960 964 (p.
985 908 1069 950 671
1113 907 1180 952 ed.
1210 907 1422 966 Lindsay)
1464 907 1620 952 VOLA
1659 915 1713 950 aet

74 979 199 1018 media
227 992 370 1019 mnus.
439 980 562 1021 Varro
592 981 919 1031 Fqiitaphiouibus,
955 980 1052 1034 περὶ
1082 981 1234 1035 τάφων
1271 979 1407 1034 (110):
1451 982 1578 1032 „pleni
1606 982 1706 1029 libri,

11 1108 14 1110 Β
76 1051 240 1101 inquam,
276 1052 341 1090 ubi
369 1055 544 1091 maneant
573 1053 765 1102 epitaphia
794 1065 934 1098 eorum,
969 1065 1127 1103 quorum
1157 1053 1198 1092 in
1227 1054 1408 1103 selmlcm‘s
1436 1065 1502 1093 nec
1530 1053 1617 1093 vola
1645 1066 1711 1093 uec

73 1122 266 1172 vestifium
311 1126 470 1162 anstai&
542 1120 667 1164 Adde
713 1120 981 1165 Prudent.
1024 1121 1174 1179 apoth.
1211 1122 1298 1165 859
1338 1124 1535 1175 Numquid
1577 1137 1711 1165 mnus

75 1193 308 1233 articulatim
347 1195 423 1234 Est
459 1195 600 1245 diyesta
638 1195 745 1234 Dei?
805 1195 987 1245 numquid
1026 1194 1143 1234 vola?
1203 1193 1330 1237 Prob.
1354 1193 1470 1238 cath.
1503 1194 1573 1248 11,
1591 1194 1648 1237 20
1668 1194 1710 1237 K

75 1264 145 1304 hoc
174 1264 252 1311 ἥγ’,
295 1265 513 1316 significans
547 1267 778 1306 medietatem
800 1268 965 1316 palmae,
1002 1279 1094 1317 quae
1124 1268 1238 1306 etiam
1267 1268 1355 1306 vola
1384 1268 1535 1316 dicitur,
1568 1267 1711 1307 Graece

74 1335 221 1390 θέναρ.
283 1333 433 1378 Serv.
466 1336 575 1378 Aen.
596 1335 655 1378 ΠΙ
676 1336 761 1378 233
803 1341 871 1377 aul
907 1338 1014 1377 intra
1054 1339 1177 1378 volam
1217 1339 1435 1378 interiorem
1469 1351 1603 1378 manus
1631 1352 1709 1377 am-

68 1407 250 1457 plectitur
282 1408 495 1458 maedam:
534 1409 631 1448 unde
670 1412 706 1448 el
744 1408 940 1449 ‘involare’
975 1409 1135 1449 dicimus
1163 1409 1270 1449 intra
1298 1411 1423 1449 volam
1453 1413 1584 1456 tenere,
1615 1410 1711 1449 uude

74 1481 111 1517 et
131 1491 236 1529 pyra
266 1479 447 1529 quaedam
476 1480 620 1520 volema
649 1481 838 1527 dicuntur,
872 1492 913 1520 eo
943 1481 1040 1531 quod
1069 1481 1195 1520 volam
1224 1481 1412 1530 impleant.

431 1619 487 1666 B.
520 1620 712 1667 Deinde
744 1634 776 1667 a
787 1621 848 1667 di
862 1633 890 1667 e
902 1634 929 1667 c
939 1623 961 1667 t
971 1622 987 1666 ἰ
998 1635 1030 1667 ν
1041 1634 1073 1667 a
1103 1634 1357 1667 enumero.

727 1703 759 1751 †
785 1703 1060 1742 dissolubilis.

287 1777 329 1806 v.
351 1763 468 1805 2224
499 1777 604 1807 nam
635 1777 726 1807 non
756 1764 834 1818 ita,
869 1766 936 1807 est
968 1765 1021 1807 ut
1050 1764 1185 1818 longa
1215 1763 1496 1818 dissolubilis,

501 1835 662 1878 breves
692 1835 889 1878 vicissim
920 1834 1122 1878 contrahi
1152 1835 1200 1878 in
1230 1835 1409 1890 longam
1435 1834 1599 1879 valent.

193 1916 286 1960 Iam
318 1917 513 1962 Cicero
554 1919 671 1961 hanc
701 1932 856 1962 vocem
886 1918 956 1961 bis
988 1917 1205 1974 adhibuit,
1250 1917 1304 1962 de
1335 1920 1428 1961 nat.
1460 1916 1575 1962 deor.
1596 1918 1627 1974 Ι,
1651 1919 1709 1962 20

76 1990 179 2041 Quae
217 1994 271 2031 est
307 1993 406 2031 enim
446 1993 711 2042 coaqmeuuzlio
749 2005 824 2032 non
865 1992 1091 2032 dissolubilis
1132 1991 1179 2033 et
1208 1989 1280 2044 III,
1304 1990 1360 2032 29
1401 1993 1558 2031 mortale
1592 1993 1711 2042 iyitur

77 2075 182 2102 omne
209 2063 354 2102 animal
382 2066 418 2103 et
445 2063 658 2103 dissolubile
686 2067 721 2103 et
749 2064 946 2103 dividuum
975 2064 1028 2103 sit
1056 2075 1195 2103 necesse
1214 2066 1276 2103 est.
1324 2060 1490 2105 Postea
1511 2075 1602 2104 non
1622 2061 1710 2104 nisi

76 2130 195 2187 apud
225 2131 459 2189 scriptores
490 2131 708 2176 inferioris
734 2131 974 2176 latinitatis
1006 2133 1171 2186 exstat,
1216 2131 1335 2189 apud
1366 2131 1607 2176 Tertull.
1654 2131 1708 2175 de

77 2203 209 2246 anim.
234 2203 289 2245 14
320 2202 398 2256 (ed.
419 2202 761 2247 Reifferscheidt
792 2205 838 2247 et
859 2203 1125 2247 WissowaI
1155 2217 1196 2260 p.
1222 2204 1323 2256 318)
1343 2206 1379 2245 si
1407 2206 1506 2245 euim
1529 2206 1710 2245 simultis

75 2279 110 2315 et
139 2276 375 2326 dissolubilis,
414 2278 494 2316 iam
532 2289 608 2317 nou
646 2278 882 2318 immortalis.
943 2274 1093 2318 Laet.
1113 2274 1152 2317 Π
1173 2275 1213 2328 8,
1233 2275 1290 2317 39
1321 2277 1418 2327 quod
1448 2277 1587 2327 accipit
1615 2277 1706 2322 vim,

75 2347 286 2387 dissolubile
324 2350 388 2388 est.
448 2345 510 2388 IV
530 2347 571 2400 8,
597 2347 652 2390 10
691 2350 812 2389 nostri
849 2348 1006 2398 spiritus
1046 2348 1276 2388 dissolubiles
1314 2351 1410 2389 sunl.
1470 2346 1708 2399 August.

77 2414 131 2458 de
172 2416 324 2471 genesi
363 2416 422 2460 ad
461 2416 545 2460 litt.
587 2431 621 2460 c.
653 2418 680 2460 8
723 2419 910 2470 Quoniam
951 2420 1091 2459 caelum
1130 2418 1407 2466 firmamentum
1436 2420 1595 2467 vocavit,
1634 2431 1709 2458 mm

77 2489 235 2529 absurde
263 2491 498 2543 inteueqilur,
530 2491 710 2541 quidquid
739 2491 847 2540 iufra
876 2491 1084 2530 aethereum
1115 2491 1257 2530 caelum
1286 2493 1352 2543 est,
1392 2489 1606 2529 mutabilius
1635 2501 1709 2529 ὤεα

78 2564 113 2599 et
141 2560 399 2601 dissolubilius.

774 2641 1021 2689 fulgidulus.

360 2715 401 2745 v.
423 2702 510 2745 225
541 2701 684 2746 instar
713 2701 834 2745 tituli
863 2700 1081 2756 fulgidula
1112 2700 1277 2745 notabo
1309 2699 1445 2744 milto.

195 2771 488 2815 Terentianus
528 2772 614 2815 hac
654 2786 763 2816 voce
803 2772 925 2815 solus
971 2786 1078 2814 usus
1119 2772 1232 2825 θεῖ-,1)
1306 2769 1394 2814 Sed
1439 2769 1708 2816 adjectivum

77 2844 255 2894 fulyidus,
286 2856 315 2885 a
345 2856 432 2899 quo
462 2846 669 2896 fulqululus
699 2843 938 2897 derivatur,
971 2856 1243 2900 quamquam
1268 2841 1359 2885 iam
1380 2842 1569 2886 occurrit
1589 2842 1707 2900 apud

198 2973 227 3026 1)
262 2976 372 3014 Conf.
392 2976 490 3015 Alfr.
510 2977 664 3022 Werth,
697 2977 756 3015 De
787 2976 871 3015 Ter.
895 2988 1010 3014 serm.
1032 2977 1073 3014 et
1093 2978 1170 3014 aet.
1203 2986 1239 3024 p.
1263 2975 1360 3015 318.

1450 3041 1496 3079 3·
