1936 3366
874 270 1163 313 -24—

201 392 399 448 apparet.
452 389 688 444 Quaeritur
719 390 872 433 autem
902 403 1034 444 nunc,
1081 403 1167 446 quo
1196 388 1377 432 saeculo
1409 404 1428 431 e
1453 387 1621 432 vocalis
1642 387 1777 444 longa
1796 389 1844 433 et

200 478 244 504 ae
285 462 554 520 dipthongus
597 462 900 505 commutatae
944 460 1047 504 sint.
1108 459 1224 503 Nam
1262 460 1531 518 scriptorem,
1575 460 1652 518 qui
1690 461 1786 518 ipse
1823 466 1850 503 ἔ

202 536 248 578 et
278 550 321 576 ae
362 533 607 588 confundit,
652 546 707 576 ea
732 534 904 587 aetate,
949 546 1039 590 qua
1069 532 1182 576 haec
1214 531 1505 575 commutatio
1538 532 1585 575 in
1615 546 1702 575 usu
1733 533 1844 584 erat,

200 606 338 649 fuisse
369 619 553 649 necesse
588 607 668 649 est.
719 603 910 648 Etiamsi
941 612 961 646 ἑ
992 606 1038 647 et
1067 619 1112 646 ae
1140 602 1362 647 interdum
1395 604 1485 647 iam
1516 603 1658 661 priore
1690 604 1843 647 aetate

200 677 247 720 in
278 676 638 734 inscriptionibus
667 676 889 733 parietum
909 675 1279 733 Pompeianorum
1300 674 1546 732 promiscue
1566 675 1842 732 ponuntur,²)

201 750 355 792 tamen
376 748 423 791 in
445 747 588 792 doctis
609 747 768 791 litteris
791 762 924 791 usum
945 746 1164 790 scribendi
1184 762 1228 788 ae
1248 760 1325 804 pro
1347 754 1372 789 ἔ
1389 748 1435 790 et
1455 746 1647 790 invicem
1663 744 1843 790 saeculo

200 834 240 877 p.
263 819 358 864 Chr.
381 834 422 863 n.
454 820 585 863 tertio
618 821 664 863 et
687 822 844 876 quarto
867 832 950 862 nec
972 821 1110 862 antea
1130 818 1326 873 viguisse
1349 818 1528 862 omnino
1550 818 1667 861 inter
1688 830 1843 861 omnes

202 893 424 947 constat.2)
488 891 657 945 Quibus
699 890 891 935 saeculis
933 891 1070 934 etiam
1111 890 1231 947 apud
1270 889 1473 934 homines
1506 890 1712 944 eruditos,
1754 902 1842 946 quo

200 963 247 1005 in
298 977 482 1007 numero
530 963 827 1007 Terentianus
878 962 1113 1006 habendus
1166 963 1247 1017 est,
1301 961 1412 1005 haec
1462 961 1577 1005 ratio
1625 959 1845 1005 scribendi

201 1034 374 1078 usitata
406 1036 511 1079 erat.
1791 1065 1796 1071 ·

323 1106 446 1160 Quae
479 1121 580 1150 cum
611 1106 677 1151 ita
708 1107 799 1150 sint
820 1106 1116 1150 Terentianus
1137 1119 1421 1162 nequaquam
1445 1103 1623 1148 saeculo
1646 1103 1843 1148 secundo

202 1179 429 1235 scripsisse
456 1177 676 1222 dicendus
715 1179 802 1234 est3
843 1177 923 1221 sed
963 1177 1222 1234 scriptorem
1263 1176 1493 1234 posteriori
1528 1176 1684 1231 aetati,
1716 1175 1844 1220 cuius

201 1263 333 1293 usum
344 1249 571 1307 praebeat,
589 1249 924 1294 attribuendum
943 1263 1042 1293 esse
1059 1249 1196 1292 etiam
1207 1248 1292 1292 hac
1304 1248 1615 1292 observatione
1626 1247 1844 1292 firmatur.

556 1395 960 1441 Additamentum
993 1394 1057 1440 de
1089 1408 1151 1441 αιι
1183 1393 1481 1451 dipthongo.

320 1478 452 1523 Porro
464 1479 719 1536 posterioris
731 1478 895 1522 aetatis
906 1477 1116 1521 indicium
1129 1479 1199 1521 est
1212 1477 1257 1520 ni
1267 1475 1409 1532 fallor,
1424 1490 1539 1533 quae
1547 1475 1843 1519 Terentianus

202 1550 256 1594 de
289 1550 562 1608 correptione
595 1550 938 1608 dipthongorum
969 1565 1019 1591 au
1051 1551 1097 1592 et
1127 1565 1171 1590 eu
1202 1547 1368 1606 profert
1397 1548 1446 1591 in
1475 1562 1516 1592 v.
1539 1548 1625 1590 467
1644 1561 1737 1605 sqq.

319 1621 401 1665 AU
432 1624 478 1666 et
507 1621 597 1677 EU,
640 1636 752 1679 quas
795 1621 857 1665 sic
887 1621 1106 1665 habemus
1139 1634 1239 1664 cum
1271 1619 1401 1664 Grais
1433 1619 1726 1663 communiter

325 1694 480 1751 corripi
510 1693 772 1751 plerumque
799 1695 991 1751 possunt
1020 1695 1269 1749 temporum
1301 1690 1427 1735 salvo
1459 1690 1603 1748 modo,

322 1766 418 1809 sive
450 1766 618 1821 graecis
651 1779 732 1809 seu
763 1765 916 1809 latinis
947 1765 1202 1808 inserantur
1233 1763 1448 1808 versibus,

202 1837 290 1881 470
320 1839 437 1881 eaut
469 1851 497 1880 a
507 1840 585 1893 ge'
616 1838 762 1894 inquit
791 1837 865 1880 ille
896 1838 1041 1893 vates,
1075 1849 1209 1893 saepe
1241 1835 1353 1879 dixit
1383 1837 1500 1879 ‘aut
1530 1834 1654 1891 ubi',

323 1908 435 1953 dixit
462 1909 764 1963 ‘Aurunci’‚
797 1907 917 1966 quod
948 1921 1089 1965 aeque
1121 1907 1357 1951 barbarum
1392 1908 1461 1950 est
1492 1905 1752 1964 producere:

323 1995 401 2038 pes
432 1980 597 2038 ubique
629 1980 726 2036 lege
758 1982 950 2035 constat,
982 1979 1125 2037 prima
1156 1992 1256 2023 cum
1288 1981 1489 2035 correpta
1520 1978 1592 2033 sit,

323 2065 576 2096 consonans
609 2054 655 2096 et
684 2066 778 2096 una
807 2052 988 2109 plenum
1020 2065 1110 2094 non
1142 2052 1280 2107 queat
1309 2051 1488 2107 tempus
1520 2048 1624 2093 dare

323 2126 370 2167 et
399 2123 537 2181 ‘lupi
569 2126 684 2167 ceu'
718 2123 830 2167 dixit
859 2123 996 2166 idem:
1026 2122 1134 2165 finis
1165 2124 1234 2166 est
1263 2135 1421 2165 versus
1453 2120 1643 2179 quidem,

204 2195 290 2239 475
321 2197 575 2253 pestamen
606 2209 697 2239 non
730 2197 800 2239 est
820 2194 1068 2250 trochaeus,
1102 2194 1209 2251 quia
1239 2192 1538 2251 diphthongos
1560 2192 1728 2236 extima
1750 2192 1821 2235 est

323 2266 529 2325 dactylus
572 2281 679 2310 nam
710 2281 789 2324 pes
827 2268 873 2310 et
903 2265 975 2309 ille
1008 2268 1090 2322 est,
1133 2264 1273 2308 nubi
1303 2266 1439 2308 nate
1472 2278 1573 2307 ceu
1605 2262 1723 2308 duo.

323 2340 537 2394 αὐέρυσαν
568 2339 713 2395 inquit
743 2340 890 2395 poeta,
924 2337 987 2381 sic
1018 2340 1064 2381 et
1095 2338 1227 2392 αὐτάρ
1259 2335 1451 2393 corripit:

322 2411 511 2453 Εὔπολιν
541 2412 705 2466 πεύκην
738 2412 784 2453 et
814 2411 966 2452 εὔνουν
998 2410 1079 2452 aut
1109 2410 1290 2465 poetam
1320 2408 1559 2463 Εὐριπίδην

322 2481 521 2540 syllabas
551 2482 716 2539 primas
747 2494 931 2525 necesse
963 2483 1034 2524 est
1065 2494 1138 2524 ore
1169 2479 1332 2536 raptim
1363 2492 1580 2536 promere3

205 2554 292 2597 480
322 2555 500 2611 tempus
533 2557 581 2597 at
612 2552 796 2610 duplum
827 2552 1039 2607 manebit,
1073 2551 1183 2595 nihil
1215 2551 1344 2594 obest
1376 2549 1601 2607 correptio.

324 2675 354 2727 1)
389 2677 444 2727 Gt,
477 2677 518 2715 E.
541 2676 766 2728 Seelmann‚
798 2675 871 2713 Die
901 2674 1161 2724 Aussprache
1193 2674 1264 2711 des
1296 2673 1437 2711 Latein
1469 2683 1506 2721 p.
1529 2671 1626 2711 225.

326 2735 354 2788 2)
389 2736 444 2775 Cf.
476 2737 518 2776 E.
542 2736 754 2774 Seelmann
786 2735 809 2773 l.
832 2735 855 2773 l.
889 2747 925 2785 p.
949 2734 1046 2772 226.
1107 2733 1171 2773 W.
1194 2733 1377 2776 Corssen,
1422 2725 1527 2770 Uber
1567 2730 1838 2781 Aussprache,

205 2795 467 2834 Vokalismus
514 2796 596 2834 und
642 2796 855 2843 Betonung
901 2795 969 2832 der
1013 2793 1278 2832 lateinischen
1330 2791 1507 2841 Sprache
1554 2790 1604 2842 (a.
1632 2787 1777 2841 1868*)
1823 2789 1842 2828 1

206 2866 243 2903 p.
266 2855 350 2892 692
370 2868 429 2905 sq.
486 2856 550 2893 W.
571 2855 807 2900 Brambach,
842 2854 915 2904 Die
946 2853 1269 2903 Neugestaltung
1300 2852 1370 2889 der
1400 2850 1665 2889 lateinischen
1696 2849 1840 2888 Ortho-

206 2914 371 2963 graphie
403 2915 453 2965 (a.
479 2915 606 2965 1868)
650 2927 686 2964 p.
710 2914 794 2952 204
813 2926 872 2964 sq.
933 2911 1248 2962 Lindsay-Nohl,
1292 2911 1365 2948 Die
1395 2910 1632 2948 lateinische
1663 2908 1840 2959 Sprache

205 2985 242 3022 p.
265 2973 333 3013 42.
396 2974 727 3019 Stolz-Schmalz‚
761 2973 1015 3012 Lateinische
1047 2971 1297 3010 Grammatik
1329 2969 1379 3021 (a.
1404 2967 1551 3020 19104)
1583 2981 1620 3019 p.
1644 2969 1711 3009 76.
