1936 3366
742 303 1037 345 -51-

69 418 108 462 3.
137 416 697 476 hendecasyllabus:
735 443 959 466 ---υ
976 444 1080 466 υ-
1098 432 1201 458 -υ
1218 431 1323 459 υ-
1340 420 1401 464 Ξ.

186 488 269 542 Qui
298 503 455 533 versus
486 489 887 549 hendecasyllabus
917 492 1077 535 mirum
1098 493 1145 536 in
1166 491 1346 537 modum
1365 492 1585 536 formatus
1607 507 1631 536 e
1644 498 1709 538 st3

67 561 246 604 constat
276 561 395 604 enim
426 575 482 604 ex
506 561 755 606 hexametri
774 563 961 619 pedibus
982 564 1132 620 primis
1155 564 1329 608 duobus
1351 577 1451 607 cum
1473 563 1706 621 semipede

68 635 115 675 et
143 631 312 675 ultimis
338 631 523 677 duobuS.
574 633 805 677 Invenitur
826 636 978 678 autem
998 635 1044 678 in
1065 649 1137 679 vv.
1161 635 1464 679 1945—1956.
1516 635 1708 679 Praeter

67 703 385 747 Terentianum
414 703 533 747 hunc
562 717 753 761 versum,
794 706 869 762 qui
898 720 945 749 re
976 720 1085 750 vera
1115 708 1186 750 est
1215 706 1456 750 trimeter
1485 706 1705 750 ionicus

67 787 97 817 a
135 774 369 829 minore¹)
411 788 575 812 -ss-
589 774 594 833 Ι
610 786 652 808 υ
668 786 711 809 υ
725 775 851 834 ᾼΙΙ-
865 776 869 834 Ι
885 787 928 810 υ
943 787 987 809 υ
1001 782 1125 831 -ιὲέ,
1169 777 1469 821 adhibuerunt
1509 777 1666 821 Marti
1686 802 1705 809 -

67 859 199 888 anus
231 845 445 903 Capella
474 847 515 902 9,
539 847 729 904 915sqq.
762 849 808 891 et
838 848 1092 891 Boethius
1125 848 1178 892 de
1212 848 1478 906 cons.phil.1
1505 849 1704 892 carm.2.

67 918 326 961 Ausonius
357 918 457 972 393,
475 918 531 961 88
541 932 632 975 sqq.
655 919 754 972 (248
772 918 819 974 P)
849 933 1027 963 versum
1047 919 1472 978 hendecasyllabum
1493 933 1661 964 comme
1680 944 1703 953 -

67 989 269 1032 moravit

186 1060 309 1113 Quae
340 1074 441 1104 cum
469 1061 537 1104 ita
567 1060 671 1115 sint,
704 1061 1019 1105 Terentianum
1051 1063 1187 1106 etiam
1218 1062 1303 1106 hac
1332 1063 1380 1106 in
1405 1076 1452 1106 re
1473 1063 1617 1118 magis
1639 1062 1701 1106 ad

65 1131 247 1175 tertium
278 1145 413 1188 quam
443 1131 502 1175 ad
532 1131 721 1176 alterum
752 1133 981 1177 saeculum
1012 1132 1228 1190 quadrare
1261 1133 1501 1178 contendo.

719 1371 1055 1427 Conclusio.

184 1465 307 1509 Haec
326 1466 416 1509 fere
438 1468 557 1520 sunt,
580 1480 695 1524 quae
717 1465 909 1523 proferre
926 1467 1048 1510 volui
1062 1481 1140 1523 per
1156 1467 1305 1524 capita
1319 1468 1492 1524 septem
1508 1466 1700 1522 digesta.

67 1536 325 1581 Ostendisse
347 1539 500 1581 autem
519 1537 629 1581 mihi
647 1537 800 1581 videor
820 1538 1086 1584 Terentiano
1107 1537 1261 1582 Mauro
1281 1537 1425 1582 multa
1446 1538 1702 1582 communia

67 1623 166 1652 esse
196 1622 297 1652 cum
328 1608 612 1665 scriptoribus
643 1608 920 1653 saeculorum
945 1623 984 1666 p.
1002 1609 1096 1653 Chr.
1118 1624 1159 1654 n.
1181 1610 1301 1653 tertii
1323 1611 1368 1653 et
1389 1609 1534 1666 quarti
1557 1611 1700 1666 atque

66 1694 157 1724 non
176 1694 320 1737 pauca
339 1680 502 1724 indicia
524 1694 664 1737 eaque
685 1680 951 1736 gravissima
970 1681 1017 1723 in
1038 1694 1167 1737 opere
1189 1682 1380 1736 exstare,
1409 1694 1523 1737 quae
1545 1682 1699 1737 poste-

65 1751 189 1795 rioris
220 1752 384 1795 aetatis
414 1752 589 1808 propria
609 1754 717 1795 sunt
736 1765 880 1809 neque
902 1752 1080 1795 saeculo
1102 1752 1295 1795 secundo
1319 1752 1497 1795 omnino
1519 1752 1699 1795 inveni-

66 1825 213 1866 untur.
264 1822 457 1877 Singulis
489 1837 603 1880 quae
634 1823 767 1866 attuli
798 1823 1072 1877 argumentis
1099 1823 1295 1866 confisus
1316 1823 1355 1866 si
1376 1823 1699 1866 Terentianum

65 1893 271 1937 Maurum
301 1893 505 1951 equidem
535 1894 619 1937 sub
649 1894 790 1937 finem
821 1894 987 1937 saeculi
1017 1894 1138 1938 tertii
1166 1894 1372 1937 floruisse
1394 1896 1441 1937 et
1461 1894 1694 1951 aequalem

66 1965 331 2009 Diocletiani
359 1965 498 2009 fuisse
528 1965 745 2020 iudicabo,
778 1966 825 2008 in
854 1966 1121 2009 temeritatis
1153 1967 1316 2009 crimen
1346 1979 1436 2009 non
1461 1965 1697 2020 incanam,

66 2037 327 2094 praesertim
357 2037 396 2080 si
425 2037 670 2094 respexeris
702 2051 837 2094 quam
868 2051 1032 2092 magna
1063 2037 1199 2080 etiam
1229 2037 1276 2080 in
1296 2036 1539 2080 artificiosa
1560 2036 1697 2080 collo-

67 2108 241 2152 catione
287 2108 522 2152 verborum
568 2107 809 2152 similitudo
850 2107 1097 2152 intercedat
1136 2109 1253 2151 inter
1293 2108 1609 2151 Terentianum
1650 2109 1696 2150 et

66 2179 311 2223 Arnobium
342 2182 490 2236 (supra
519 2194 560 2236 p.
583 2180 697 2235 16).²)

186 2300 216 2352 1)
250 2302 360 2340 Conf.
382 2302 559 2351 Wagner
588 2302 614 2340 1.
636 2302 660 2340 l.
692 2314 730 2351 p.
753 2302 820 2340 28.

188 2359 216 2412 ²)
250 2361 360 2400 Conf.
378 2361 426 2400 de
447 2361 524 2399 hac
544 2373 586 2399 re
601 2361 753 2407 Werth,
777 2362 835 2399 De
857 2362 941 2400 Ter.
958 2363 1068 2401 metr.
1086 2363 1126 2399 et
1147 2361 1243 2399 eloc.
1266 2373 1302 2411 p.
1322 2361 1378 2399 34
1390 2373 1476 2410 sqq.
1499 2362 1539 2398 et
1554 2361 1695 2409 Prosp.

68 2420 262 2469 Spindler,
295 2421 354 2459 De
384 2421 550 2459 Arnobii
581 2432 724 2469 genere
756 2421 923 2464 dicendi,
959 2420 1114 2460 Strassb.
1142 2420 1249 2460 1901
1285 2432 1322 2470 p.
1345 2420 1396 2458 61
1414 2432 1502 2470 sqq.

482 2995 581 3031 Typis
601 2995 763 3031 expressit
780 2995 942 3022 Robertus
961 2993 1069 3022 Noske
1087 2993 1274 3022 Bor-nensis.
