1936 3366
776 283 1072 326 -51—

223 399 309 441 337
341 399 359 442 I
390 398 591 443 similiter
620 403 723 444 ι’ῶτα
756 401 873 445 credi
904 403 951 445 et
982 401 1013 445 C
1044 403 1193 459 potest
1225 402 1342 460 quod
1374 405 1500 459 σίγμα
1533 403 1602 447 sit.

223 470 310 513 359
341 471 455 526 ἄλφα
486 471 676 528 primum
708 474 789 528 est,
821 472 924 516 inde
954 475 1070 523 ι’ῶτα,
1101 474 1282 518 tertium
1311 473 1429 531 quod
1448 488 1479 517 v
1499 476 1676 518 vocant.

221 540 308 584 368
340 543 454 598 ἄλφα
486 556 568 586 1103
601 544 641 586 A
671 543 968 599 nominamus,
1000 546 1103 587 ι’ῶτα
1136 545 1199 588 sic
1227 545 1247 588 I
1278 545 1474 589 dicimus,

222 612 306 654 421
339 615 443 656 ι’ῶτα
475 614 682 669 subiungi
712 628 895 658 necesse
928 617 1010 671 est,
1043 615 1231 659 alteram
1262 616 1334 660 vel
1364 630 1396 659 v
1427 615 1532 660 dari.

223 684 310 727 433
341 686 444 727 ι’ῶτα
476 684 620 728 30111111
652 684 769 742 quod
797 684 1001 730 videmus
1033 700 1167 744 saepe
1199 686 1379 744 produci
1409 687 1482 731 vel
1511 687 1542 731 Ι.

222 755 310 797 444
340 755 572 799 scribimus
603 757 642 800 si
672 755 850 814 quando
881 762 1009 807 νῖκος,
1041 759 1143 800 ι’ῶτα
1176 757 1320 802 30111111
1351 757 1531 802 sufficit.

222 826 310 869 500
341 826 537 870 Dicimus
573 841 723 871 rarum
760 842 858 871 esse
896 827 1075 872 Graecis
1114 831 1217 872 ι’ῶτα
1249 833 1350 887 post
1379 844 1411 873 v
1441 829 1673 883 subdere.¹)

222 897 309 940 503
339 897 516 942 litterae
547 912 653 942 nam
683 913 846 943 nomen
876 900 1035 956 ipsum,
1069 902 1171 943 ἰῶτα
1204 900 1322 958 quod
1344 899 1504 945 Graius
1530 903 1674 945 vocat.

220 968 306 1012 508
338 968 462 1017 οὗτος
492 971 595 1013 ι’ῶτα
627 971 779 1026 γράφει
810 984 966 1016 versus
997 971 1035 1014 si
1065 971 1324 1029 principium
1356 972 1426 1016 sit.

219 1040 307 1083 510
338 1040 479 1097 prima
509 1040 690 1096 vocalis,
722 1042 867 1085 notari
897 1043 999 1085 ι’ῶτα
1033 1056 1122 1099 qua
1154 1042 1337 1087 Graium
1366 1043 1531 1101 incipit.

220 1111 307 1154 529
338 1113 443 1155 ἰῶτα
474 1113 571 1169 quis
604 1113 642 1156 si
671 1111 959 1169 praelocetur,
991 1114 1083 1157 tres
1114 1114 1318 1158 videmus
1348 1115 1578 1168 voculas.2)

220 1206 515 1250 Terentianus
548 1206 762 1251 Graecam
794 1207 813 1250 Ι
843 1207 1044 1252 vocalem
1075 1208 1256 1252 brevem
1293 1209 1341 1252 in
1370 1210 1496 1254 initio
1527 1209 1733 1254 vocabuli

102 1291 345 1321 consonam
375 1277 472 1321 fieri
504 1278 608 1321 dicit
638 1280 684 1322 in
715 1293 756 1322 v.
778 1279 863 1323 501
878 1293 971 1336 sqq.

248 1349 451 1392 Diximus
482 1363 630 1392 rarum
663 1363 760 1393 esse
792 1348 972 1394 Graecis
1004 1352 1107 1393 ἰῶτα
1137 1352 1239 1407 post
1270 1365 1299 1394 v
1330 1351 1539 1396 subdere:

248 1420 412 1463 Verum
445 1421 563 1464 enim
593 1434 676 1464 nec
705 1420 947 1478 praelocari
978 1422 1040 1465 sic
1071 1422 1190 1479 apud
1222 1422 1413 1466 Graecos
1443 1425 1605 1480 potest,

251 1491 355 1535 edat
384 1494 438 1534 ut
468 1491 774 1548 diphthongon
805 1506 942 1535 unam
975 1492 1028 1535 de
1061 1491 1236 1536 duabus
1266 1493 1446 1537 voculis.

247 1561 424 1606 litterae
455 1576 562 1606 nam
592 1577 754 1606 nomen
786 1563 945 1620 ipsum,
988 1565 1090 1606 ι’ῶτα
1122 1563 1240 1621 1111οᾱ
1271 1563 1430 1608 Graius
1466 1568 1611 1620 vocat,

247 1633 386 1691 siquis
416 1634 463 1677 in
492 1636 634 1678 metro
663 1634 840 1691 locabit,
873 1634 1072 1692 syllabae
1103 1638 1156 1679 ut
1185 1635 1302 1679 fiant
1332 1635 1461 1692 duae,

247 1719 337 1749 non
386 1707 538 1762 potest
567 1704 864 1762 diphthongos
897 1719 1007 1761 esse,
1040 1723 1092 1749 ιω
1124 1705 1298 1750 duabus
1329 1707 1500 1763 litteris,

248 1790 498 1820 consonans
529 1777 647 1834 prior
675 1776 824 1820 locata
855 1777 961 1834 quia
989 1777 1045 1821 fit
1077 1779 1123 1820 et
1154 1776 1310 1821 Graios
1341 1777 1470 1835 apud.

103 1859 297 1916 Scriptor
335 1859 469 1914 igitur
509 1861 611 1902 ι’ῶτα
644 1859 819 1903 duabus
850 1859 1033 1917 syllabis
1075 1860 1308 1915 legendum
1341 1874 1439 1904 esse
1470 1861 1594 1905 iubet
1623 1862 1729 1919 ipse.

108 1929 195 1974 Sed
215 1929 348 1974 huius
370 1944 480 1974 usus
511 1933 633 1974 certa
654 1931 873 1988 quaedam
896 1931 1099 1988 exempla
1119 1932 1358 1988 posteriore
1379 1934 1556 1976 tantum
1579 1935 1729 1977 aetate

102 2001 436 2055 inveniuntur.³)
482 2003 601 2045 Ἰῶτα
633 2003 751 2045 enim
773 2002 961 2045 duarum
982 2001 1254 2059 syllabarum
1286 2005 1355 2046 est
1387 2003 1506 2060 apud
1525 2004 1729 2048 Auson.

103 2073 305 2130 technop.
327 2073 420 2128 XII,
440 2075 465 2116 7
498 2076 624 2115 littera
652 2088 735 2115 sum
765 2076 863 2116 iotae
892 2076 1038 2124 similis,
1069 2089 1144 2116 vox
1166 2077 1281 2126 ptem
1310 2077 1445 2117 iubens.

216 2142 383 2187 Eodem
414 2144 544 2188 modo
575 2144 780 2188 ‘iambus'
802 2143 1071 2188 vocabulum
1093 2143 1267 2188 duabus
1290 2144 1473 2202 syllabis
1493 2145 1729 2201 legendum

100 2217 170 2259 est
198 2216 245 2259 in
277 2214 497 2272 Sulpiciae
529 2218 709 2259 saturae
741 2230 855 2273 quae
886 2215 1027 2259 fertur
1057 2229 1190 2258 versu
1221 2216 1266 2259 5:
1307 2230 1372 2258 nec
1408 2220 1577 2259 trimetro
1605 2220 1728 2259 iambo

97 2302 162 2328 nec
205 2290 270 2340 qui
307 2290 402 2339 pede
452 2290 599 2338 fractus
648 2290 781 2330 eodem.
859 2286 1138 2344 Quamquam
1188 2289 1314 2330 aetas
1364 2287 1497 2331 huius
1548 2289 1727 2332 saturae

99 2359 220 2401 certa
258 2372 350 2402 non
392 2360 474 2414 est,
522 2360 675 2402 tamen
716 2372 816 2402 eam
858 2358 1031 2402 serioris
1073 2360 1236 2402 aetatis
1280 2372 1377 2402 esse
1417 2358 1533 2402 inter
1573 2372 1726 2402 omnes

98 2431 320 2479 constat.⁴)
381 2430 581 2473 Fuerunt
621 2443 796 2487 quoque
842 2429 925 2472 viri
970 2429 1100 2484 docti,
1149 2429 1223 2486 qui
1264 2428 1482 2486 Sulpiciae
1527 2431 1727 2473 saturam

101 2500 279 2543 saeculo
322 2500 490 2544 decimo
533 2501 687 2557 quinto
728 2515 767 2557 p.
800 2500 895 2544 Chr.
926 2514 968 2543 n.
1010 2501 1299 2557 compositam
1341 2514 1439 2544 esse
1481 2504 1723 2544 censerent.

217 2667 246 2721 1)
277 2669 334 2707 De
366 2670 564 2708 eiusmodi
594 2670 842 2719 pleonasmis
874 2670 943 2720 qui
972 2670 1170 2708 vocantur
1200 2669 1337 2707 confer
1367 2669 1520 2714 Werth,
1553 2669 1611 2708 De
1639 2670 1724 2709 Ter.

98 2730 208 2766 metr.
230 2731 271 2766 et
301 2729 398 2767 eloc.
459 2742 496 2779 p.
520 2730 574 2768 39
588 2741 649 2782 sq.

217 2785 248 2837 ²)
280 2788 336 2826 Cf.
368 2788 521 2833 Werth,
555 2789 613 2827 De
644 2789 730 2826 Ter.
751 2790 862 2826 metr.
884 2790 925 2826 et
956 2787 1052 2825 eloe.
1115 2799 1151 2836 p.
1175 2788 1242 2826 23.

218 2844 247 2897 ⁸)
280 2847 335 2885 Cf.
366 2846 408 2887 L.
429 2847 581 2893 Miiller,
616 2847 664 2886 de
695 2859 736 2885 re
767 2844 959 2885 1110111011.ᾖ
989 2858 1026 2895 p.
1050 2846 1146 2884 306.

217 2903 248 2956 ⁴)
279 2906 334 2944 cf.
366 2906 428 2944 W.
452 2907 490 2944 S.
512 2907 682 2951 Teuffel,
732 2906 874 2944 Gesch.
917 2905 986 2943 der
1025 2907 1120 2944 rom.
1162 2905 1235 2944 Lit.
1277 2905 1322 2942 II.
1355 2903 1486 2955 (1910
1504 2904 1534 2956 ⁶)
1576 2918 1614 2956 p.
1638 2906 1722 2946 323

99 2963 125 3017 ξ
150 2965 246 3009 323,
283 2965 408 3003 6—7.

1469 3031 1513 3066 43
