1936 3366
777 281 1072 324 ..55—

112 399 348 443 subiuncto
379 401 676 456 pentametro,
699 399 908 443 dimetros
928 400 1240 456 anapaesticos
1263 397 1405 452 catal„
1437 396 1741 454 paroemiacos

114 473 161 513 et
179 470 504 528 ithyphallicos,
527 472 750 514 trimetros
770 470 1081 527 anapaesticos
1103 468 1244 524 catal„
1266 470 1567 526 pentametros
1585 468 1742 524 dacty-

109 541 230 595 licos,
254 541 483 596 elegiacos,
504 543 786 585 tetrametros
803 540 1133 595 choriambicos,
1151 539 1440 595 archebuh‘os,
1458 539 1742 582 hexametros

110 613 288 668 miuros,
319 612 717 670 hendecasyllabos
737 612 1010 667 Phalaecios,
1040 613 1324 656 tetrametros
1351 611 1591 668 dactylicos
1612 609 1740 653 catal.

109 683 155 726 in
187 683 299 727 duas
331 683 528 741 syllabas
560 697 746 740 quarum
768 683 943 740 syllaba
962 682 1239 740 paenultima
1269 683 1471 739 correpta
1491 683 1572 736 est,
1604 683 1741 725 tetra-

109 757 274 798 metros
303 755 470 798 ionicos
492 769 521 797 a
540 754 719 809 minore,
746 755 966 798 trimetros
986 754 1154 797 ionicos
1175 769 1204 797 a
1223 754 1404 808 minore,
1438 754 1738 810 pentametros

108 826 234 869 ionic.
277 840 306 869 a
345 825 526 882 minore,
567 827 851 869 tetrametros
893 824 1146 883 dactylicos,
1189 825 1491 882 pentametros
1532 822 1736 878 aeolicos,

108 895 304 951 adonios,
338 897 588 940 octonarios
617 896 843 950 iambicos,
876 897 1152 954 septenarios
1182 896 1327 945 iamb.,
1359 895 1581 939 trimetros
1602 894 1737 938 iamb.

108 967 447 1024 Hipponacteos,
478 968 701 1011 trimetros
731 967 863 1011 iamb.
894 967 1143 1024 acephalos,
1175 967 1396 1010 trimetros
1426 966 1557 1010 iamb.
1591 965 1736 1020 catal„

107 1037 317 1082 dimetros
346 1039 478 1082 iamb.
511 1038 682 1094 acatal„
714 1039 936 1082 trimetros
966 1038 1098 1082 iamb.
1129 1038 1340 1082 subiectis
1371 1037 1568 1081 dimetris
1588 1037 1734 1091 iamb.,

107 1108 315 1153 dimetros
345 1110 477 1153 iamb.
509 1110 717 1167 acephal„
761 1109 970 1154 dimetros
1001 1110 1132 1153 iamb.
1164 1109 1306 1164 catal.,
1348 1109 1570 1152 trimetros
1601 1108 1734 1151 iamb.

106 1180 235 1224 catal.
267 1181 478 1225 subiectis
516 1181 712 1224 dimetris
743 1181 952 1238 acephal,
994 1181 1232 1235 saturnios,
1274 1180 1483 1223 dimetros
1515 1179 1732 1223 choriam-

106 1252 225 1295 bicos
262 1252 337 1295 vel
367 1252 645 1296 choriambos
677 1267 777 1296 cum
806 1252 995 1296 Bacchio
1027 1253 1102 1309 qui
1131 1254 1318 1295 vocatur
1341 1253 1627 1307 Ἀρχιλόχειον
1658 1250 1734 1293 vel

104 1324 462 1379 Ἀριστοφάνειον,
494 1324 778 1367 hexametros
799 1324 913 1368 dact.
934 1324 1132 1367 subiecto
1155 1323 1329 1366 senario
1350 1322 1551 1377 iambico,
1573 1321 1727 1365 Ascle-

104 1394 286 1451 piadeos
318 1395 522 1450 minores,
565 1394 879 1452 Asclepiadeos
909 1396 1109 1449 maioreS,
1153 1394 1374 1451 Priapeos,
1406 1393 1734 1450 Pherecrateos,

105 1467 448 1520 Anacreonteos,
472 1464 796 1522 Galliambicos,
818 1466 1102 1510 hexametros
1123 1465 1369 1509 subiunctis
1387 1464 1583 1508 dimetris
1598 1464 1729 1507 iamb.

104 1535 276 1588 acatal„
308 1536 586 1592 elegiambos,
617 1537 896 1592 iambelegos.

222 1607 287 1651 De
317 1607 489 1663 legibus
519 1608 723 1662 metricis,
754 1608 914 1665 quibus
936 1608 1230 1651 Terentianus
1261 1622 1369 1651 usus
1391 1608 1471 1660 est,
1505 1606 1733 1650 Werthius

102 1679 148 1720 in
179 1680 503 1735 programmate
538 1679 630 1735 „De
652 1679 907 1722 Terentiani
937 1679 1089 1722 metris
1121 1681 1167 1722 et
1197 1678 1470 1722 elocutione“
1505 1677 1735 1733 diligenter

104 1750 311 1793 disseruit
352 1752 487 1806 atque
528 1750 704 1805 singula
744 1753 887 1794 metra
926 1750 1148 1794 tractavit.
1210 1749 1297 1793 Sed
1331 1750 1449 1793 idem
1479 1749 1546 1792 vir
1577 1749 1734 1793 doctus

103 1824 242 1864 artem
284 1821 513 1864 metricam
551 1821 608 1865 ad
640 1821 1078 1865 circumscribendam
1109 1820 1366 1864 Terentiani
1396 1822 1592 1864 aetatem
1622 1819 1729 1863 nihil

102 1891 250 1935 valere
291 1891 563 1948 contendit.1)
637 1893 716 1936 Cui
756 1892 951 1949 opinioni
991 1892 1197 1936 assentiri
1237 1905 1327 1935 non
1358 1905 1555 1948 possum3
1596 1892 1729 1934 immo

102 1962 306 2020 equidem
351 1964 524 2007 ratione
556 1977 730 2021 quoque
761 1964 955 2019 metrica,
1002 1977 1137 2020 quam
1166 1963 1213 2006 in
1243 1963 1447 2006 versibus
1486 1961 1731 2019 pangendis

102 2036 285 2092 scriptor
329 2035 553 2078 interdum
599 2035 814 2087 adhibuit,
863 2034 1068 2090 adducor,
1115 2037 1169 2078 ut
1199 2035 1512 2077 Terentianum
1554 2033 1730 2077 saeculo

101 2105 293 2149 secundo
345 2106 571 2163 scripsisse
627 2120 796 2161 negem.
871 2109 1031 2163 Itaque
1087 2107 1404 2149 enumerantur
1458 2105 1542 2148 hoc
1587 2105 1729 2162 capite

99 2177 303 2220 licentiae
334 2176 551 2221 inferioris
581 2178 820 2221 latinitatis
850 2179 1063 2235 propriae,
1096 2191 1207 2235 quas
1238 2177 1284 2220 in
1315 2177 1569 2219 Terentiani
1601 2190 1729 2232 opere

99 2262 362 2292 mvemmus.

590 2344 663 2390 De
694 2345 971 2391 hexametri
1002 2345 1240 2390 caesuris.

217 2415 449 2470 Agendum
491 2418 561 2459 est
600 2415 654 2459 de
684 2416 933 2460 hexametri
963 2415 1169 2467 caesuris,
1211 2429 1323 2471 quas
1354 2414 1647 2458 Terentianus
1678 2414 1725 2457 in

100 2485 300 2528 versibus
359 2485 669 2529 1669—1718
720 2486 1022 2544 pertractavit.
1102 2486 1293 2543 Scriptor
1344 2487 1461 2529 enim
1512 2487 1723 2542 quattuor

100 2569 320 2611 caesuras,
343 2571 458 2613 quae
475 2563 582 2601 sunt
598 2558 922 2614 semiquinaria,
941 2557 1316 2614 semiseptenaria,
1338 2557 1471 2599 tertia
1485 2555 1720 2609 trochaica,

101 2628 263 2682 quarta
302 2627 527 2671 trochaica
568 2630 801 2672 enumerat
830 2628 1132 2684 describitque.
1194 2628 1280 2671 Sed
1312 2627 1650 2683 semiquinariae
1681 2629 1728 2670 et

99 2698 488 2754 semiseptenariae
539 2700 644 2743 solis
694 2701 786 2743 vim
832 2713 1114 2743 caesurarum
1158 2699 1326 2753 tribuit,
1377 2698 1570 2755 reliquas
1615 2698 1725 2741 nihil

98 2767 245 2811 valere
288 2768 398 2812 vult.
458 2769 524 2812 Ex
566 2770 640 2825 eis,
682 2784 796 2827 quae
828 2770 1122 2813 Terentianus
1163 2769 1216 2813 de
1253 2769 1499 2813 hexametri
1529 2770 1722 2813 caesuris

98 2837 279 2895 profert,
323 2840 466 2883 elucet
508 2854 611 2884 eum
652 2855 828 2898 operam
872 2840 1062 2895 dedisse,
1106 2842 1157 2883 ut
1196 2843 1431 2897 praecepta
1467 2854 1722 2895 graecorum

217 2959 246 3012 1)
278 2961 336 2999 De
367 2962 451 3000 Ter.
482 2964 592 3001 metr.
625 2965 665 3001 et
695 2963 791 3001 eloc.
824 2975 861 3012 p.
884 2963 951 3002 27.
