1936 3366
868 294 1168 337 -46-

210 411 287 467 (Cf.
308 412 497 456 indicem
531 427 560 456 a
580 412 796 456 Michaelo
819 413 1086 468 Petschenig
1115 412 1287 457 factum
1309 413 1355 456 in
1379 412 1421 457 C.
1444 412 1486 456 S.
1509 411 1623 457 Eccl.
1645 412 1743 456 Lat.
1767 411 1853 456 vol.

207 485 343 539 XVI).
395 483 584 528 Claud.
606 485 734 529 Mar.
757 484 896 528 Vict.
918 485 996 529 Ι2.
1050 483 1346 528 Claudian.
1369 483 1469 528 bell.
1492 483 1593 529 Got.
1612 485 1694 528 131
1718 487 1855 528 Pectra

210 558 384 598 Fabricii
422 558 531 599 donis
560 559 702 599 invicta
731 559 790 598 vel
818 559 949 598 armis·
1012 555 1216 600 Cassio
1232 555 1341 600 dor.
1364 570 1456 601 var.
1490 555 1570 610 (ed.
1593 554 1852 609 Mommsen)

208 642 248 685 p.
271 628 341 684 49,
369 629 434 672 14.
467 643 506 686 p.
529 629 600 683 84,
625 629 692 673 18.
725 629 793 671 87.
817 629 855 672 6.
888 628 959 683 92,
984 629 1052 673 16.
1084 629 1153 683 93,
1176 628 1215 673 2.
1237 627 1307 684 95,
1334 628 1401 672 16.
1433 629 1503 682 97,
1527 628 1566 672 8.
1598 641 1637 671 a.
1659 627 1686 672 l.

719 783 751 831 †
775 783 855 822 vel
874 784 1014 821 —vel
1039 783 1067 822 ί.
1087 792 1127 830 q.
1147 784 1198 821 et
1215 802 1259 810 -
1280 784 1345 821 et.

424 870 465 900 v.
488 856 606 900 2240
742 870 848 900 nam
880 856 968 899 iere
1002 854 1184 899 Graecis
1215 857 1355 899 tenax

640 941 745 971 cura
777 929 848 971 est
877 927 1015 971 iambi
1045 925 1119 971 vel
1150 925 1338 970 novellis
1372 926 1549 971 comicis

640 998 713 1043 vel
746 999 822 1056 qui
852 998 899 1042 in
930 1000 1118 1042 vetusta
1149 997 1411 1056 praecluent
1442 997 1682 1042 comoedia.

331 1082 429 1136 Qua
451 1082 504 1127 de
527 1082 855 1138 significatione
879 1081 1048 1138 audias,
1070 1096 1186 1139 quae
1204 1081 1565 1137 Stolz-Schmalz,
1587 1080 1685 1126 Lat.
1703 1079 1857 1126 Gram-

209 1154 353 1198 matik
369 1155 415 1198 in
432 1154 470 1206 J.
482 1169 522 1199 v.
534 1154 702 1210 Miiller,
723 1153 893 1198 Hdbch.
912 1153 951 1199 d.
967 1153 1103 1198 klass.
1123 1153 1490 1198 AltertumswiSS.
1508 1154 1568 1208 H,
1584 1153 1610 1196 2
1634 1156 1686 1208 (a.
1702 1153 1817 1197 1910
1825 1154 1855 1208 ⁴)

212 1242 251 1284 p.
269 1226 355 1270 502
378 1228 404 1283 ξ
428 1227 515 1270 260
536 1225 720 1284 profert:
755 1226 873 1284 „Das
895 1225 1349 1283 korrespondierende
1371 1224 1445 1269 vel
1460 1251 1512 1256 —
1535 1223 1610 1269 vel
1630 1225 1691 1269 ist
1712 1225 1759 1268 in
1779 1223 1858 1269 der

214 1298 495 1342 klassischen
517 1297 711 1356 Sprache
733 1298 820 1342 wie
842 1297 915 1342 bei
936 1297 1029 1342 Liv.
1053 1296 1120 1341 oft
1143 1297 1402 1353 gebraucht,
1426 1296 1534 1340 aber
1555 1296 1685 1340 dabei
1706 1298 1858 1352 strong

213 1383 303 1414 von
335 1372 382 1414 et
405 1396 459 1401 -—
483 1372 529 1414 et
549 1369 836 1426 geschieden3
870 1370 1071 1425 dagegen
1091 1369 1189 1413 lasst
1209 1368 1303 1412 sich
1323 1368 1450 1413 nicht
1469 1367 1740 1425 verkennen,
1770 1367 1856 1413 dass

211 1456 273 1485 an
305 1442 481 1498 einigen
514 1441 684 1486 Stellen
714 1442 788 1486 bei
817 1441 1022 1497 Plautus,
1054 1440 1297 1485 vereinzelt
1318 1440 1434 1484 auch
1464 1439 1537 1484 bei
1559 1438 1646 1484 den
1669 1440 1856 1496 August.

216 1514 440 1569 Dichtern,
473 1513 715 1566 vereinzelt
750 1528 785 1558 z.
806 1513 855 1557 B.
886 1513 1012 1570 Prop.
1037 1514 1085 1557 II
1101 1513 1140 1568 8,
1157 1513 1214 1556 39
1246 1512 1319 1556 vel
1338 1538 1398 1545 --
1419 1510 1493 1556 vel
1515 1532 1572 1548 =
1594 1510 1768 1556 sowohl
1797 1536 1857 1543 —-

214 1585 283 1629 als
324 1585 440 1630 auch
482 1587 554 1640 ist,
597 1585 691 1630 und
728 1585 813 1629 dass
845 1586 892 1629 in
924 1584 1001 1629 der
1032 1587 1193 1642 spaten
1224 1583 1458 1639 Latinitat,
1503 1597 1552 1628 so
1582 1582 1858 1628 namentlich

215 1657 331 1701 auch
371 1659 431 1702 im
474 1656 804 1702 afrikanischen
846 1656 1018 1712 Latein,
1067 1670 1139 1700 wo
1181 1655 1255 1700 vel
1296 1655 1388 1700 und
1427 1657 1474 1699 et
1505 1654 1859 1700 durcheinander

215 1729 371 1785 gehen,
404 1729 478 1773 vel
497 1755 557 1761 -
577 1729 651 1773 vel
681 1728 954 1784 vollstandig
985 1728 1055 1772 die
1078 1727 1453 1783 abgeschwachte
1475 1726 1742 1782 Bedeutung
1768 1739 1858 1771 von

215 1805 261 1845 et
283 1828 343 1834 -—
365 1804 411 1846 et
442 1815 770 1857 angenommen
801 1801 896 1855 hat,
928 1801 975 1858 J'a
1005 1800 1078 1844 bei
1110 1799 1300 1858 Cyprian
1331 1798 1471 1843 findet
1503 1798 1597 1843 sich
1629 1811 1760 1854 sogar
1786 1796 1857 1842 die

215 1873 567 1931 Korresponsion
598 1872 671 1917 vel
691 1898 750 1904 -—
772 1873 856 1916 et.“

336 1961 532 1999 vel—vel
552 1970 629 2014 pro
652 1962 800 1999 et-—et
817 1958 1066 2014 posuerunt
1098 1955 1360 2013 Cyprian.
1383 1955 1484 2010 677,
1507 1953 1563 1997 10
1586 1953 1665 2007 (ed.
1686 1951 1856 2005 Hartel)

218 2032 290 2072 Sed
320 2032 409 2071 dum
438 2032 527 2072 istic
556 2031 772 2071 Felicianus
802 2031 925 2080 frater
954 2033 1077 2070 noster
1107 2030 1165 2069 vel
1184 2031 1290 2069 vento
1310 2029 1530 2068 retardatur
1554 2028 1612 2068 vel
1631 2027 1859 2078 accipiendis

216 2104 307 2144 aliis
346 2104 512 2154 epistulis
552 2116 577 2142 a
607 2103 712 2142 nobis
741 2103 932 2142 detinetur.
1005 2098 1154 2156 Sulp.
1185 2098 1304 2142 Sev.
1328 2097 1484 2142 Chron.
1507 2099 1530 2141 I
1547 2098 1617 2154 45,
1641 2097 1681 2140 4.
1723 2097 1794 2146 53,
1817 2097 1858 2140 4.

217 2175 294 2218 vit.
315 2173 443 2217 Mart.
465 2175 501 2228 I,
525 2175 563 2216 7.
606 2171 878 2216 Commod.
911 2185 1041 2216 carm.
1065 2170 1178 2228 apol.
1201 2170 1259 2214 30
1291 2170 1355 2224 (cf.
1377 2169 1596 2221 Roensch,
1641 2169 1859 2213 Semasio-

216 2244 409 2302 logische
450 2244 656 2300 Beitrage
678 2245 725 2288 II
767 2246 818 2298 (a.
843 2244 972 2298 1888)
1004 2258 1044 2300 p.
1073 2243 1156 2297 85).
1204 2241 1466 2286 Cassian.
1502 2241 1541 2285 J.
1572 2242 1637 2286 IV
1654 2240 1725 2297 24,
1743 2240 1771 2283 2
1801 2243 1860 2282 vel

217 2322 351 2360 mentis
380 2321 458 2359 eius
488 2320 545 2359 vel
573 2319 808 2358 subiectionis
838 2318 1045 2368 inteyritas.
1099 2314 1169 2369 30,
1194 2315 1220 2356 2
1246 2329 1322 2366 pro
1349 2316 1557 2356 reoerentv'a
1576 2315 1634 2355 vel
1652 2315 1752 2355 vitae
1770 2326 1859 2355 sutae

219 2393 277 2432 vel
317 2392 450 2431 aetatis
490 2391 548 2431 vel
575 2390 786 2431 sacerdotii.
848 2387 902 2443 V,
921 2387 978 2430 41
1010 2388 1041 2430 t.
1066 2387 1133 2430 31.
1157 2386 1227 2430 33.
1269 2386 1334 2430 VI
1350 2386 1389 2440 4,
1414 2386 1482 2429 19.
1513 2383 1687 2429 VII30.
1727 2384 1773 2428 X
1790 2383 1859 2428 18.

217 2462 310 2506 XII
328 2461 369 2515 4,
382 2461 421 2504 3.
470 2461 552 2517 8‚3
583 2459 719 2517 praef.
742 2458 796 2503 ad
832 2458 951 2503 Conl.
973 2473 1012 2516 p.
1035 2459 1058 2502 I
1090 2456 1117 2516 ξ
1139 2458 1178 2501 6.
1221 2458 1244 2502 Ι
1261 2457 1329 2512 22,
1342 2458 1380 2500 2.
1423 2457 1470 2500 Π
1488 2456 1640 2510 13,11.
1687 2455 1805 2511 ΝΘ,
1820 2456 1859 2498 1.

218 2532 312 2589 V6,
336 2534 374 2577 6.
397 2533 466 2576 22.
507 2533 572 2576 VI
590 2533 627 2586 1,
650 2531 688 2575 2.
731 2531 772 2583 3,
795 2531 835 2574 4.
877 2531 989 2574 VIII
1007 2531 1076 2586 25,
1095 2530 1135 2572 4.
1158 2530 1197 2572 6.
1245 2529 1357 2573 VIII
1374 2529 1414 2584 6,
1435 2529 1472 2571 1.
1515 2528 1585 2582 29,
1605 2527 1645 2572 3.
1692 2527 1738 2571 X
1754 2527 1795 2580 2,
1819 2527 1857 2570 1.

221 2605 262 2654 3,
287 2606 323 2647 1.
367 2605 407 2659 3,
431 2605 470 2647 4.
512 2604 636 2658 VIII,
648 2603 718 2657 25,
741 2603 781 2647 4.
803 2603 842 2647 6.
894 2603 963 2646 IX
980 2602 1018 2656 6,
1042 2602 1079 2644 1.
1123 2601 1194 2655 29,
1217 2601 1256 2644 3.
1308 2601 1353 2644 Χ
1370 2600 1410 2655 2,
1438 2600 1474 2643 1.
1515 2599 1556 2653 3,
1582 2599 1620 2642 1.
1641 2599 1682 2642 4.
1727 2598 1795 2653 10,
1820 2599 1859 2642 1.

219 2677 335 2720 ΧΙΠ
354 2677 422 2731 11,
446 2676 485 2719 4.
529 2675 598 2729 18,
623 2676 660 2718 1.
701 2675 786 2718 XV
805 2674 875 2728 10,
897 2674 933 2716 1.
976 2673 1097 2727 XVI,
1113 2673 1148 2716 1.
1186 2672 1331 2726 XVII,
1352 2671 1392 2715 5.
1433 2671 1590 2715 XVIII
1603 2670 1643 2724 5,
1662 2670 1701 2713 2.
1736 2670 1804 2726 11,
1817 2669 1859 2714 3.

223 2748 335 2790 XXI
354 2748 393 2801 1,
418 2748 441 2790 1
477 2746 551 2801 (Cf.
574 2745 762 2790 indicem
796 2760 824 2789 a
854 2743 1071 2791 Michaelo
1103 2743 1371 2798 Petschenig
1401 2741 1572 2785 factum
1603 2742 1649 2784 in
1681 2740 1724 2785 C.
1747 2740 1790 2784 S.
1810 2740 1858 2784 Ε.

219 2817 264 2861 L.
289 2818 373 2861 vol.
395 2820 554 2872 XVII).
625 2817 779 2861 Paul.
802 2816 1005 2860 Petric.
1034 2816 1105 2859 III
1128 2816 1182 2858 21
1218 2817 1276 2856 vel
1311 2827 1461 2856 servare
1484 2816 1597 2866 piam
1626 2815 1773 2855 domini
1800 2813 1861 2854 vel

214 2903 371 2940 pascere
404 2893 555 2941 plebem.
623 2890 686 2934 IV
704 2888 788 2933 501
832 2890 1037 2940 cormfflmzs
1079 2889 1189 2928 celeri
1227 2888 1286 2927 vel
1318 2899 1447 2938 prona
1486 2887 1543 2926 vel
1582 2886 1707 2926 ardua
1746 2885 1857 2926 saltu.

221 2960 285 3003 IV
302 2960 388 3002 585
412 2974 473 3016 sq.
515 2966 723 3003 scortorum
763 2963 892 3002 sceleri
931 2962 987 3001 vel
1027 2962 1123 3001 iusto
1168 2959 1315 3009 foedere
1359 2958 1485 3009 nuptis
1531 2956 1759 3008 Coniugibus
1803 2956 1860 2996 vel
