1936 3366
758 310 1056 354 -15-

85 441 285 471 sermone
324 427 512 472 fluxisse
543 428 616 472 vel
647 430 887 472 metrorum
918 430 1188 474 necessitate
1221 445 1249 474 a
1279 430 1548 474 Terentiano
1578 430 1726 488 posita

88 513 190 543 esse
222 499 494 554 contendit.¹)
558 499 683 553 Quod
724 500 963 544 concedere
994 515 1178 558 nequeo.
1239 501 1395 559 Neque
1426 502 1538 545 satis
1571 503 1641 545 est
1671 516 1726 545 ea

92 569 347 628 ponderare,
390 585 505 628 quae
547 571 842 616 Terentianus
884 586 984 616 cum
1027 573 1312 631 scriptoribus
1344 572 1511 618 saeculi
1542 572 1723 617 secundi

86 642 338 686 communia
367 642 519 696 habet,
553 643 712 700 quippe
745 643 820 700 qui
851 643 987 687 etiam
1019 646 1089 688 tot
1109 644 1331 689 vocabula
1350 644 1576 702 praebeat,
1609 659 1725 702 quae

86 713 232 757 solum
263 712 382 771 apud
413 714 647 771 scriptores
679 714 846 758 saeculi
875 715 996 759 tertii
1025 715 1098 759 vel
1129 716 1276 773 quarti
1305 716 1526 772 leguntur.
1586 716 1724 759 Immo

87 784 158 828 his
202 785 311 842 ipsis
356 785 504 828 verbis
545 799 646 829 mea
687 785 864 843 quidem
905 787 1143 843 sententia,
1191 801 1278 844 quo
1320 787 1499 832 saeculo
1541 787 1726 845 scriptor

88 855 237 911 suerit,
266 870 423 899 revera
444 856 786 912 demonstratur,
810 857 848 900 si
870 859 1048 902 omnino
1071 872 1215 902 sermo
1238 858 1404 916 aliquid
1425 858 1480 902 de
1502 860 1724 916 scriptoris

88 929 239 971 aetate
271 927 411 971 docet.
462 927 578 971 Nam
609 942 695 985 quo
726 928 857 972 modo
880 929 952 973 vel
984 943 1074 986 qua
1093 930 1170 973 via
1200 930 1311 974 haec
1332 930 1550 974 inferioris
1570 930 1725 974 latini-

90 998 200 1042 tatis
250 999 425 1056 propria
474 999 522 1042 in
573 1000 829 1044 Terentiani
879 1014 990 1057 opus
1031 1001 1259 1059 irrepsisse
1306 1001 1640 1059 explicabimus,
1687 1003 1726 1045 si

88 1070 273 1128 scriptor
318 1070 495 1115 saeculo
543 1071 738 1115 secundo
781 1072 1068 1117 attribuitur?
1129 1073 1242 1116 Illud
1283 1087 1388 1117 vero
1434 1074 1595 1117 mirum
1635 1087 1725 1118 non

39 1133 41 1135 ’
85 1144 167 1196 est,
198 1142 316 1198 quod
348 1143 532 1200 scriptor
562 1143 683 1186 tertii
713 1143 880 1187 saeculi
905 1144 1057 1188 multis
1079 1144 1125 1188 in
1145 1145 1279 1188 rebus
1301 1159 1402 1189 cum
1424 1145 1722 1202 scriptoribus,

89 1213 164 1270 qui
210 1213 388 1257 saeculo
436 1213 630 1258 secundo
677 1216 946 1272 scripserunt
991 1219 1128 1273 atque
1170 1218 1216 1260 in
1257 1216 1418 1260 litteris
1460 1216 1723 1271 floruerunt,

84 1286 318 1342 conspirat.
379 1286 544 1329 Verum
585 1289 657 1329 est
687 1288 804 1330 enim
835 1288 1154 1331 Terentianum
1185 1288 1325 1332 verba
1353 1288 1567 1343 habere,²)
1609 1302 1723 1346 quae

85 1357 376 1400 inveniuntur
417 1357 535 1414 apud
573 1358 805 1415 scriptores
838 1358 1005 1402 saeculi
1036 1359 1229 1403 secundi.
1291 1360 1449 1417 Itaque
1481 1373 1535 1403 ea
1565 1359 1623 1404 ab
1655 1360 1725 1403 his

25 1423 28 1425 ’
90 1427 267 1485 recepit.
318 1427 430 1471 Illud
462 1431 579 1473 certe
609 1443 855 1486 numquam
887 1430 1125 1475 concedam
1146 1431 1465 1475 Terentianum
1486 1433 1556 1475 tot
1575 1432 1724 1485 verba,

90 1513 206 1556 quae
218 1501 394 1557 praeter
406 1514 508 1543 eum
519 1515 609 1544 non
622 1501 708 1544 nisi
720 1501 838 1558 apud
850 1502 1083 1559 scriptores
1094 1503 1349 1560 posterioris
1357 1502 1523 1547 aetatis
1531 1505 1724 1557 exstant,

89 1572 279 1628 primum
299 1571 527 1615 invenisse
548 1586 693 1629 neque
711 1587 767 1616 ex
782 1587 869 1617 usu
886 1575 955 1617 sui
971 1575 1181 1631 temporis
1196 1574 1429 1632 recepisse,
1453 1588 1723 1632 quamquam

89 1642 307 1686 nonnulla
328 1643 550 1687 vocabula
579 1658 689 1688 sane
722 1659 823 1688 eum
855 1645 999 1689 solum
1031 1645 1288 1689 adhibuisse
1320 1648 1541 1701 constaffl)

208 1715 333 1768 Quae
373 1729 473 1758 cum
513 1716 579 1759 ita
619 1716 722 1771 sint,
755 1716 946 1760 Werthii
975 1716 1136 1761 iudicio
1168 1718 1377 1761 assentiri
1406 1731 1497 1761 non
1527 1732 1723 1775 possum,

89 1785 167 1829 sed
224 1786 613 1831 Terentianus
671 1802 732 1832 eo
791 1802 933 1832 aevo
993 1802 1133 1846 opus
1191 1803 1350 1832 suum
1407 1789 1724 1847 scripsisse

88 1858 442 1902 statuendus
475 1861 587 1914 est,
620 1874 726 1916 quo
757 1860 898 1904 haec
928 1860 1220 1904 vocabula
1249 1861 1307 1904 in
1338 1875 1445 1904 usu
1476 1863 1655 1904 erant.

205 1930 257 1973 In
288 1929 427 1974 altero
459 1930 605 1974 libello
627 1930 786 1975 Werth
808 1945 988 1989 operam
1011 1931 1102 1987 dat,
1135 1934 1187 1975 ut
1208 1932 1524 1976 Terentianum
1546 1932 1723 1976 saeculo

94 2000 287 2045 secundo
328 2001 468 2046 fuisse
512 2002 750 2046 observato
793 2017 878 2046 usu
908 2005 1150 2047 metrorum
1182 2005 1227 2047 et
1259 2003 1507 2047 elocutione
1539 2004 1723 2047 demon-

87 2075 208 2116 stret.
270 2073 356 2116 Ubi
395 2073 442 2116 in
482 2074 623 2131 priore
664 2076 790 2131 parte
832 2075 925 2130 agit
967 2074 1021 2118 de
1062 2075 1227 2130 metris,
1270 2089 1385 2132 quae
1427 2075 1724 2119 Terentianus

93 2144 309 2199 adhibuit,
352 2147 590 2202 postquam
631 2146 884 2203 scriptorem
929 2147 1107 2190 omnino
1140 2147 1378 2191 artificiose
1409 2148 1561 2191 metris
1592 2161 1723 2190 usum

87 2229 186 2258 esse
218 2217 433 2273 exposuit.
495 2216 703 2274 Sequitur
733 2232 849 2275 pars,
882 2232 971 2275 qua
1002 2217 1056 2261 de
1086 2218 1221 2262 rebus
1247 2218 1516 2275 prosodiacis
1538 2217 1724 2262 disserit.

87 2288 142 2331 In
179 2287 339 2344 quibus
370 2301 461 2331 non
491 2303 636 2345 pauca
667 2291 786 2344 sunt,
820 2303 934 2346 quae
965 2291 1140 2347 praeter
1170 2289 1483 2333 Terentianum
1516 2303 1607 2333 non
1638 2290 1725 2333 nisi

88 2357 208 2415 apud
239 2359 472 2416 scriptores
502 2360 756 2417 posterioris
778 2362 943 2405 aetatis
964 2361 1271 2416 inveniuntur3
1303 2360 1383 2405 sed
1406 2375 1459 2405 ea
1478 2361 1547 2405 vir
1567 2360 1724 2404 doctus

89 2443 347 2487 componere
400 2431 510 2474 satis
562 2431 699 2475 habet
749 2431 975 2487 finemque
1024 2432 1135 2476 facit
1179 2432 1264 2476 hac
1311 2431 1446 2476 dubia
1497 2433 1725 2475 sententia

91 2514 131 2557 p.
154 2502 228 2545 27:
269 2501 387 2558 „Iam
419 2503 457 2545 si
488 2503 754 2559 quaerimus,
786 2517 895 2546 num
928 2504 1032 2561 quid
1063 2504 1318 2547 Terentiani
1349 2518 1421 2547 ars
1453 2504 1636 2547 metrica
1667 2504 1722 2547 ad

92 2573 532 2617 circumscribendam
563 2576 761 2618 aetatem
781 2574 946 2630 valeat,
979 2589 1122 2632 neque
1154 2577 1395 2618 metrorum
1416 2577 1559 2618 artem
1579 2588 1722 2632 neque

210 2705 239 2759 ¹)
273 2708 384 2748 Conf.
416 2709 474 2746 De
507 2709 591 2748 Ter.
614 2721 728 2747 serm.
752 2711 792 2747 et
822 2711 898 2747 aet.
931 2722 968 2758 p.
992 2709 1076 2748 304
1095 2721 1153 2759 sq.

210 2763 239 2817 2)
273 2767 416 2806 Confer
445 2768 596 2806 indices
628 2781 654 2806 a
684 2768 866 2807 Werthio
899 2769 1148 2818 compositos
1180 2769 1203 2806 l.
1227 2780 1258 2806 c.
1291 2781 1328 2817 p.
1352 2768 1435 2806 307
1454 2780 1542 2818 sqq.

211 2823 241 2876 ⁸)
273 2826 382 2864 Haec
412 2828 538 2865 verba
568 2828 676 2878 apud
708 2828 839 2866 solum
871 2828 1154 2865 Terentianum
1185 2827 1459 2868 inveniuntur:
1498 2828 1724 2877 conqreyalis

89 2896 129 2926 v.
150 2885 273 2924 1317.
304 2885 489 2924 disseram
509 2899 545 2926 v.
564 2887 630 2925 98.
662 2887 877 2925 dissonorus
908 2899 944 2926 v.
970 2887 1064 2927 190.
1096 2886 1261 2925 docimen
1291 2899 1329 2928 v.
1354 2887 1478 2926 1932.
1518 2887 1725 2937 fulqidulus

91 2956 129 2982 v.
148 2944 244 2982 225.
276 2943 462 2984 inretusus
481 2957 518 2984 v·
537 2946 621 2984 307
642 2946 756 2997 (coni.
775 2945 951 2996 Santen).
984 2945 1115 2984 limula
1131 2958 1169 2985 v.
1189 2946 1285 2984 284.
1310 2946 1553 2995 perscriptiio
1568 2959 1607 2985 v.
1625 2947 1722 2985 340.

92 3003 273 3053 trilonqus
303 3016 341 3043 v.
361 3005 485 3043 1401.
548 3005 692 3044 Confer
722 3006 843 3044 etiam
874 3005 1028 3057 Werth,
1061 3005 1119 3044 De
1150 3005 1234 3043 Ter.
1257 3017 1372 3046 serm.
1395 3007 1435 3044 et
1465 3008 1542 3045 aet.
1565 3019 1602 3056 p.
1626 3006 1722 3045 318.
