<?xml version="1.0" encoding="UTF-8"?>
<!DOCTYPE html PUBLIC "-//W3C//DTD XHTML 1.0 Transitional//EN"
    "http://www.w3.org/TR/xhtml1/DTD/xhtml1-transitional.dtd">
<html xmlns="http://www.w3.org/1999/xhtml" xml:lang="en" lang="en">
 <head>
  <title>
</title>
<meta http-equiv="Content-Type" content="text/html;charset=utf-8" />
  <meta name='ocr-system' content='tesseract 3.04.00' />
  <meta name='ocr-capabilities' content='ocr_page ocr_carea ocr_par ocr_line ocrx_word'/>
</head>
<body>
  <div class='ocr_page' id='page_1' title='image "./deterentianimaur00riesuoft_0058.png"; bbox 0 0 1936 3366; ppageno 0'>
   <div class='ocr_carea' id='block_1_1' title="bbox 884 283 1181 327">
    <p class='ocr_par' dir='ltr' id='par_1_1' title="bbox 884 283 1181 327">
     <span class='ocr_line' id='line_1_1' title="bbox 884 283 1181 327; baseline 0 -12"><span class='ocrx_word' id='word_1_1' title='bbox 884 283 1181 327; x_wconf 66' lang='grc'>-56-</span> 
     </span>
    </p>
   </div>
   <div class='ocr_carea' id='block_1_2' title="bbox 203 401 1854 1035">
    <p class='ocr_par' dir='ltr' id='par_1_2' title="bbox 203 401 1854 1035">
     <span class='ocr_line' id='line_1_2' title="bbox 206 401 1854 460; baseline 0.001 -14"><span class='ocrx_word' id='word_1_2' title='bbox 206 403 592 459; x_wconf 88' lang='lat' dir='ltr'><strong>grammaticorum</strong></span> <span class='ocrx_word' id='word_1_3' title='bbox 637 402 695 446; x_wconf 89' lang='lat' dir='ltr'><strong>ad</strong></span> <span class='ocrx_word' id='word_1_4' title='bbox 736 415 943 457; x_wconf 90' lang='lat' dir='ltr'><strong>graecum</strong></span> <span class='ocrx_word' id='word_1_5' title='bbox 984 416 1166 447; x_wconf 88' lang='lat' dir='ltr'><strong>versum</strong></span> <span class='ocrx_word' id='word_1_6' title='bbox 1196 402 1467 460; x_wconf 90' lang='lat' dir='ltr'><strong>pertinentia</strong></span> <span class='ocrx_word' id='word_1_7' title='bbox 1497 401 1854 448; x_wconf 80' lang='lat' dir='ltr'><strong>accommodaret</strong></span> 
     </span>
     <span class='ocr_line' id='line_1_3' title="bbox 206 473 1854 532; baseline 0.001 -14"><span class='ocrx_word' id='word_1_8' title='bbox 206 474 264 518; x_wconf 90' lang='lat' dir='ltr'><strong>ad</strong></span> <span class='ocrx_word' id='word_1_9' title='bbox 305 474 617 518; x_wconf 88' lang='lat' dir='ltr'><strong>hexametrum</strong></span> <span class='ocrx_word' id='word_1_10' title='bbox 657 474 860 519; x_wconf 88' lang='lat' dir='ltr'><strong>latinum.</strong></span> <span class='ocrx_word' id='word_1_11' title='bbox 929 473 1045 518; x_wconf 89' lang='lat' dir='ltr'><strong>Nam</strong></span> <span class='ocrx_word' id='word_1_12' title='bbox 1087 473 1207 532; x_wconf 91' lang='lat' dir='ltr'><strong>apud</strong></span> <span class='ocrx_word' id='word_1_13' title='bbox 1247 477 1407 532; x_wconf 90' lang='lat' dir='ltr'><strong>poetas</strong></span> <span class='ocrx_word' id='word_1_14' title='bbox 1450 475 1678 519; x_wconf 87' lang='lat' dir='ltr'><strong>Romanos</strong></span> <span class='ocrx_word' id='word_1_15' title='bbox 1718 475 1854 519; x_wconf 83' lang='lat' dir='ltr'><strong>tertia</strong></span> 
     </span>
     <span class='ocr_line' id='line_1_4' title="bbox 206 545 1851 604; baseline 0.001 -15"><span class='ocrx_word' id='word_1_16' title='bbox 206 548 252 590; x_wconf 89' lang='lat' dir='ltr'><strong>et</strong></span> <span class='ocrx_word' id='word_1_17' title='bbox 283 548 444 603; x_wconf 87' lang='lat' dir='ltr'><strong>quarta</strong></span> <span class='ocrx_word' id='word_1_18' title='bbox 474 546 702 590; x_wconf 88' lang='lat' dir='ltr'><strong>trochaica</strong></span> <span class='ocrx_word' id='word_1_19' title='bbox 732 545 898 590; x_wconf 91' lang='lat' dir='ltr'><strong>nullius</strong></span> <span class='ocrx_word' id='word_1_20' title='bbox 919 545 1012 590; x_wconf 88' lang='lat' dir='ltr'><strong>fere</strong></span> <span class='ocrx_word' id='word_1_21' title='bbox 1033 546 1247 590; x_wconf 83' lang='lat' dir='ltr'><strong>momenti</strong></span> <span class='ocrx_word' id='word_1_22' title='bbox 1269 547 1420 601; x_wconf 84' lang='lat' dir='ltr'><strong>sunt.²)</strong></span> <span class='ocrx_word' id='word_1_23' title='bbox 1475 546 1685 604; x_wconf 78' lang='lat' dir='ltr'><strong>Sequitur</strong></span> <span class='ocrx_word' id='word_1_24' title='bbox 1704 546 1851 602; x_wconf 87' lang='lat' dir='ltr'><strong>igitur,</strong></span> 
     </span>
     <span class='ocr_line' id='line_1_5' title="bbox 205 617 1851 675; baseline 0.001 -14"><span class='ocrx_word' id='word_1_25' title='bbox 205 620 257 661; x_wconf 91' lang='lat' dir='ltr'><strong>ut</strong></span> <span class='ocrx_word' id='word_1_26' title='bbox 288 618 584 662; x_wconf 80' lang='lat' dir='ltr'><strong>Terentianus</strong></span> <span class='ocrx_word' id='word_1_27' title='bbox 626 619 866 675; x_wconf 89' lang='lat' dir='ltr'><strong>praecepta</strong></span> <span class='ocrx_word' id='word_1_28' title='bbox 907 632 963 661; x_wconf 90' lang='lat' dir='ltr'><strong>ex</strong></span> <span class='ocrx_word' id='word_1_29' title='bbox 1003 631 1262 673; x_wconf 89' lang='lat' dir='ltr'><strong>graecorum</strong></span> <span class='ocrx_word' id='word_1_30' title='bbox 1303 619 1586 662; x_wconf 86' lang='lat' dir='ltr'><strong>metricorum</strong></span> <span class='ocrx_word' id='word_1_31' title='bbox 1616 617 1740 662; x_wconf 89' lang='lat' dir='ltr'><strong>libris</strong></span> <span class='ocrx_word' id='word_1_32' title='bbox 1770 618 1851 662; x_wconf 90' lang='lat' dir='ltr'><strong>de-</strong></span> 
     </span>
     <span class='ocr_line' id='line_1_6' title="bbox 205 689 1851 748; baseline 0.001 -15"><span class='ocrx_word' id='word_1_33' title='bbox 205 690 437 747; x_wconf 85' lang='lat' dir='ltr'><strong>scripserit.</strong></span> <span class='ocrx_word' id='word_1_34' title='bbox 500 689 587 734; x_wconf 85' lang='lat' dir='ltr'><strong>Sed</strong></span> <span class='ocrx_word' id='word_1_35' title='bbox 618 703 719 733; x_wconf 91' lang='lat' dir='ltr'><strong>cum</strong></span> <span class='ocrx_word' id='word_1_36' title='bbox 753 691 966 746; x_wconf 89' lang='lat' dir='ltr'><strong>quattuor</strong></span> <span class='ocrx_word' id='word_1_37' title='bbox 997 703 1209 734; x_wconf 85' lang='lat' dir='ltr'><strong>caesurae</strong></span> <span class='ocrx_word' id='word_1_38' title='bbox 1241 689 1360 747; x_wconf 89' lang='lat' dir='ltr'><strong>apud</strong></span> <span class='ocrx_word' id='word_1_39' title='bbox 1391 689 1564 733; x_wconf 92' lang='lat' dir='ltr'><strong>nullum</strong></span> <span class='ocrx_word' id='word_1_40' title='bbox 1595 690 1851 748; x_wconf 84' lang='lat' dir='ltr'><strong>scriptorem</strong></span> 
     </span>
     <span class='ocr_line' id='line_1_7' title="bbox 204 761 1852 819; baseline 0.001 -15"><span class='ocrx_word' id='word_1_41' title='bbox 204 761 360 818; x_wconf 87' lang='lat' dir='ltr'><strong>prioris</strong></span> <span class='ocrx_word' id='word_1_42' title='bbox 393 761 557 805; x_wconf 85' lang='lat' dir='ltr'><strong>aetatis</strong></span> <span class='ocrx_word' id='word_1_43' title='bbox 591 763 906 805; x_wconf 89' lang='lat' dir='ltr'><strong>enumerentur</strong></span> <span class='ocrx_word' id='word_1_44' title='bbox 927 763 1063 819; x_wconf 89' lang='lat' dir='ltr'><strong>atque</strong></span> <span class='ocrx_word' id='word_1_45' title='bbox 1086 761 1347 818; x_wconf 87' lang='lat' dir='ltr'><strong>scriptorum</strong></span> <span class='ocrx_word' id='word_1_46' title='bbox 1370 761 1432 804; x_wconf 89' lang='lat' dir='ltr'><strong>rei</strong></span> <span class='ocrx_word' id='word_1_47' title='bbox 1453 762 1664 806; x_wconf 90' lang='lat' dir='ltr'><strong>metricae</strong></span> <span class='ocrx_word' id='word_1_48' title='bbox 1684 762 1852 819; x_wconf 88' lang='lat' dir='ltr'><strong>primus</strong></span> 
     </span>
     <span class='ocr_line' id='line_1_8' title="bbox 203 832 1851 891; baseline 0.001 -15"><span class='ocrx_word' id='word_1_49' title='bbox 203 832 501 877; x_wconf 86' lang='lat' dir='ltr'><strong>Aristides</strong></span> <span class='ocrx_word' id='word_1_50' title='bbox 536 832 946 887; x_wconf 83' lang='lat' dir='ltr'><strong>Quintilianus</strong></span> <span class='ocrx_word' id='word_1_51' title='bbox 990 835 1203 891; x_wconf 89' lang='lat' dir='ltr'><strong>quattuor</strong></span> <span class='ocrx_word' id='word_1_52' title='bbox 1244 847 1454 877; x_wconf 88' lang='lat' dir='ltr'><strong>caesuras</strong></span> <span class='ocrx_word' id='word_1_53' title='bbox 1492 835 1851 889; x_wconf 53' lang='lat' dir='ltr'><strong>commemoretff)</strong></span> 
     </span>
     <span class='ocr_line' id='line_1_9' title="bbox 204 904 1851 962; baseline 0.001 -14"><span class='ocrx_word' id='word_1_54' title='bbox 204 905 522 948; x_wconf 83' lang='lat' dir='ltr'><strong>Terentianum</strong></span> <span class='ocrx_word' id='word_1_55' title='bbox 545 919 720 962; x_wconf 92' lang='lat' dir='ltr'><strong>quoque</strong></span> <span class='ocrx_word' id='word_1_56' title='bbox 741 919 832 948; x_wconf 92' lang='lat' dir='ltr'><strong>non</strong></span> <span class='ocrx_word' id='word_1_57' title='bbox 855 907 960 949; x_wconf 91' lang='lat' dir='ltr'><strong>ante</strong></span> <span class='ocrx_word' id='word_1_58' title='bbox 983 904 1212 949; x_wconf 88' lang='lat' dir='ltr'><strong>saeculum</strong></span> <span class='ocrx_word' id='word_1_59' title='bbox 1244 905 1428 949; x_wconf 88' lang='lat' dir='ltr'><strong>tertium</strong></span> <span class='ocrx_word' id='word_1_60' title='bbox 1454 904 1594 949; x_wconf 86' lang='lat' dir='ltr'><strong>fuisse</strong></span> <span class='ocrx_word' id='word_1_61' title='bbox 1616 905 1851 950; x_wconf 88' lang='lat' dir='ltr'><strong>verisimile</strong></span> 
     </span>
     <span class='ocr_line' id='line_1_10' title="bbox 204 975 1849 1035; baseline 0.001 -15"><span class='ocrx_word' id='word_1_62' title='bbox 204 978 284 1020; x_wconf 88' lang='lat' dir='ltr'><strong>est.</strong></span> <span class='ocrx_word' id='word_1_63' title='bbox 316 975 432 1020; x_wconf 91' lang='lat' dir='ltr'><strong>Nam</strong></span> <span class='ocrx_word' id='word_1_64' title='bbox 449 976 690 1020; x_wconf 92' lang='lat' dir='ltr'><strong>Aristidem</strong></span> <span class='ocrx_word' id='word_1_65' title='bbox 706 977 837 1020; x_wconf 90' lang='lat' dir='ltr'><strong>tertio</strong></span> <span class='ocrx_word' id='word_1_66' title='bbox 856 976 1034 1021; x_wconf 89' lang='lat' dir='ltr'><strong>saeculo</strong></span> <span class='ocrx_word' id='word_1_67' title='bbox 1052 977 1279 1034; x_wconf 87' lang='lat' dir='ltr'><strong>scripsisse</strong></span> <span class='ocrx_word' id='word_1_68' title='bbox 1296 976 1395 1020; x_wconf 91' lang='lat' dir='ltr'><strong>aliis</strong></span> <span class='ocrx_word' id='word_1_69' title='bbox 1413 991 1437 1020; x_wconf 93' lang='lat' dir='ltr'><strong>e</strong></span> <span class='ocrx_word' id='word_1_70' title='bbox 1455 976 1602 1021; x_wconf 91' lang='lat' dir='ltr'><strong>causis</strong></span> <span class='ocrx_word' id='word_1_71' title='bbox 1620 979 1849 1035; x_wconf 80' lang='lat' dir='ltr'><strong>apparet.⁸)</strong></span> 
     </span>
    </p>
   </div>
   <div class='ocr_carea' id='block_1_3' title="bbox 124 1048 1851 1106">
    <p class='ocr_par' dir='ltr' id='par_1_3' title="bbox 124 1048 1851 1106">
     <span class='ocr_line' id='line_1_11' title="bbox 124 1048 1851 1106; baseline 0 -13"><span class='ocrx_word' id='word_1_72' title='bbox 124 1076 126 1078; x_wconf 96' lang='lat'>-</span> <span class='ocrx_word' id='word_1_73' title='bbox 204 1050 346 1093; x_wconf 89' lang='lat' dir='ltr'><strong>Varro</strong></span> <span class='ocrx_word' id='word_1_74' title='bbox 379 1050 497 1092; x_wconf 87' lang='lat' dir='ltr'><strong>enim</strong></span> <span class='ocrx_word' id='word_1_75' title='bbox 530 1048 584 1092; x_wconf 91' lang='lat' dir='ltr'><strong>de</strong></span> <span class='ocrx_word' id='word_1_76' title='bbox 618 1063 804 1093; x_wconf 87' lang='lat' dir='ltr'><strong>caesura</strong></span> <span class='ocrx_word' id='word_1_77' title='bbox 835 1049 1152 1106; x_wconf 87' lang='lat' dir='ltr'><strong>semiquinaria</strong></span> <span class='ocrx_word' id='word_1_78' title='bbox 1184 1049 1281 1092; x_wconf 90' lang='lat' dir='ltr'><strong>sola</strong></span> <span class='ocrx_word' id='word_1_79' title='bbox 1311 1048 1450 1093; x_wconf 91' lang='lat' dir='ltr'><strong>verba</strong></span> <span class='ocrx_word' id='word_1_80' title='bbox 1479 1048 1600 1104; x_wconf 85' lang='lat' dir='ltr'><strong>fecit,</strong></span> <span class='ocrx_word' id='word_1_81' title='bbox 1643 1049 1762 1106; x_wconf 93' lang='lat' dir='ltr'><strong>quod</strong></span> <span class='ocrx_word' id='word_1_82' title='bbox 1793 1063 1851 1093; x_wconf 80' lang='lat' dir='ltr'><strong>ex</strong></span> 
     </span>
    </p>
   </div>
   <div class='ocr_carea' id='block_1_4' title="bbox 196 1119 1851 1822">
    <p class='ocr_par' dir='ltr' id='par_1_4' title="bbox 196 1119 1851 1680">
     <span class='ocr_line' id='line_1_12' title="bbox 203 1119 1851 1175; baseline 0.001 -12"><span class='ocrx_word' id='word_1_83' title='bbox 203 1119 334 1164; x_wconf 81' lang='lat' dir='ltr'><strong>Gellii</strong></span> <span class='ocrx_word' id='word_1_84' title='bbox 364 1134 406 1164; x_wconf 92' lang='lat' dir='ltr'><strong>n.</strong></span> <span class='ocrx_word' id='word_1_85' title='bbox 438 1121 531 1164; x_wconf 90' lang='lat' dir='ltr'><strong>Att.</strong></span> <span class='ocrx_word' id='word_1_86' title='bbox 561 1120 633 1164; x_wconf 90' lang='lat' dir='ltr'><strong>lib.</strong></span> <span class='ocrx_word' id='word_1_87' title='bbox 655 1122 811 1166; x_wconf 92' lang='lat' dir='ltr'><strong>XVIII</strong></span> <span class='ocrx_word' id='word_1_88' title='bbox 844 1121 899 1164; x_wconf 89' lang='lat'><strong>15</strong></span> <span class='ocrx_word' id='word_1_89' title='bbox 930 1120 1213 1175; x_wconf 87' lang='lat' dir='ltr'><strong>intellegitur.</strong></span> <span class='ocrx_word' id='word_1_90' title='bbox 1259 1120 1411 1164; x_wconf 87' lang='lat' dir='ltr'><strong>Verba</strong></span> <span class='ocrx_word' id='word_1_91' title='bbox 1441 1123 1549 1165; x_wconf 89' lang='lat' dir='ltr'><strong>sunt</strong></span> <span class='ocrx_word' id='word_1_92' title='bbox 1578 1120 1707 1165; x_wconf 88' lang='lat' dir='ltr'><strong>haec:</strong></span> <span class='ocrx_word' id='word_1_93' title='bbox 1738 1125 1851 1164; x_wconf 63' lang='lat' dir='ltr'><strong>etiam</strong></span> 
     </span>
     <span class='ocr_line' id='line_1_13' title="bbox 209 1195 1849 1245; baseline 0.001 -11"><span class='ocrx_word' id='word_1_94' title='bbox 209 1195 332 1234; x_wconf 84' lang='lat' dir='ltr'><strong>Varro</strong></span> <span class='ocrx_word' id='word_1_95' title='bbox 363 1196 405 1234; x_wconf 76' lang='lat' dir='ltr'><strong>in</strong></span> <span class='ocrx_word' id='word_1_96' title='bbox 435 1195 542 1235; x_wconf 82' lang='lat' dir='ltr'><strong>libris</strong></span> <span class='ocrx_word' id='word_1_97' title='bbox 572 1195 859 1245; x_wconf 67' lang='lat' dir='ltr'><strong>disciplinarum</strong></span> <span class='ocrx_word' id='word_1_98' title='bbox 888 1195 1040 1245; x_wconf 79' lang='lat' dir='ltr'><strong>scripsit</strong></span> <span class='ocrx_word' id='word_1_99' title='bbox 1070 1196 1279 1235; x_wconf 74' lang='lat' dir='ltr'><strong>observasse</strong></span> <span class='ocrx_word' id='word_1_100' title='bbox 1307 1207 1382 1235; x_wconf 84' lang='lat' dir='ltr'><strong>sese</strong></span> <span class='ocrx_word' id='word_1_101' title='bbox 1411 1195 1453 1235; x_wconf 82' lang='lat' dir='ltr'><strong>in</strong></span> <span class='ocrx_word' id='word_1_102' title='bbox 1482 1208 1592 1235; x_wconf 80' lang='lat' dir='ltr'><strong>versu</strong></span> <span class='ocrx_word' id='word_1_103' title='bbox 1621 1196 1849 1245; x_wconf 62' lang='lat' dir='ltr'><strong>hexametro,</strong></span> 
     </span>
     <span class='ocr_line' id='line_1_14' title="bbox 202 1266 1850 1317; baseline 0.001 -12"><span class='ocrx_word' id='word_1_104' title='bbox 202 1267 300 1317; x_wconf 78' lang='lat' dir='ltr'><strong>quod</strong></span> <span class='ocrx_word' id='word_1_105' title='bbox 340 1266 551 1306; x_wconf 80' lang='lat' dir='ltr'><strong>omnimodo</strong></span> <span class='ocrx_word' id='word_1_106' title='bbox 592 1268 741 1317; x_wconf 80' lang='lat' dir='ltr'><strong>quintus</strong></span> <span class='ocrx_word' id='word_1_107' title='bbox 780 1268 935 1316; x_wconf 81' lang='lat' dir='ltr'><strong>semipes</strong></span> <span class='ocrx_word' id='word_1_108' title='bbox 964 1267 1116 1306; x_wconf 80' lang='lat' dir='ltr'><strong>verbum</strong></span> <span class='ocrx_word' id='word_1_109' title='bbox 1145 1267 1284 1314; x_wconf 78' lang='lat' dir='ltr'><strong>finiret,</strong></span> <span class='ocrx_word' id='word_1_110' title='bbox 1327 1270 1363 1306; x_wconf 81' lang='lat' dir='ltr'><strong>et</strong></span> <span class='ocrx_word' id='word_1_111' title='bbox 1390 1268 1488 1317; x_wconf 79' lang='lat' dir='ltr'><strong>quod</strong></span> <span class='ocrx_word' id='word_1_112' title='bbox 1510 1268 1664 1317; x_wconf 75' lang='lat' dir='ltr'><strong>priores</strong></span> <span class='ocrx_word' id='word_1_113' title='bbox 1692 1268 1850 1317; x_wconf 75' lang='lat' dir='ltr'><strong>quinque</strong></span> 
     </span>
     <span class='ocr_line' id='line_1_15' title="bbox 201 1338 1850 1389; baseline 0.001 -12"><span class='ocrx_word' id='word_1_114' title='bbox 201 1339 405 1388; x_wconf 84' lang='lat' dir='ltr'><strong>semipedes</strong></span> <span class='ocrx_word' id='word_1_115' title='bbox 449 1351 562 1388; x_wconf 80' lang='lat' dir='ltr'><strong>aeque</strong></span> <span class='ocrx_word' id='word_1_116' title='bbox 605 1351 781 1389; x_wconf 76' lang='lat' dir='ltr'><strong>maynam</strong></span> <span class='ocrx_word' id='word_1_117' title='bbox 825 1339 903 1378; x_wconf 85' lang='lat' dir='ltr'><strong>vim</strong></span> <span class='ocrx_word' id='word_1_118' title='bbox 944 1339 1119 1378; x_wconf 75' lang='lat' dir='ltr'><strong>haberent</strong></span> <span class='ocrx_word' id='word_1_119' title='bbox 1162 1339 1204 1378; x_wconf 77' lang='lat' dir='ltr'><strong>in</strong></span> <span class='ocrx_word' id='word_1_120' title='bbox 1245 1338 1441 1388; x_wconf 77' lang='lat' dir='ltr'><strong>efficiendo</strong></span> <span class='ocrx_word' id='word_1_121' title='bbox 1481 1351 1591 1378; x_wconf 81' lang='lat' dir='ltr'><strong>versu</strong></span> <span class='ocrx_word' id='word_1_122' title='bbox 1630 1342 1740 1389; x_wconf 78' lang='lat' dir='ltr'><strong>atque</strong></span> <span class='ocrx_word' id='word_1_123' title='bbox 1779 1339 1850 1379; x_wconf 83' lang='lat' dir='ltr'><strong>alii</strong></span> 
     </span>
     <span class='ocr_line' id='line_1_16' title="bbox 196 1407 1849 1461; baseline 0.002 -12"><span class='ocrx_word' id='word_1_124' title='bbox 196 1410 429 1460; x_wconf 80' lang='lat' dir='ltr'><strong>posteriores</strong></span> <span class='ocrx_word' id='word_1_125' title='bbox 458 1414 604 1460; x_wconf 83' lang='lat' dir='ltr'><strong>septem,</strong></span> <span class='ocrx_word' id='word_1_126' title='bbox 638 1411 749 1461; x_wconf 74' lang='lat' dir='ltr'><strong>idque</strong></span> <span class='ocrx_word' id='word_1_127' title='bbox 778 1411 902 1460; x_wconf 83' lang='lat' dir='ltr'><strong>ipsum</strong></span> <span class='ocrx_word' id='word_1_128' title='bbox 930 1411 1076 1450; x_wconf 73' lang='lat' dir='ltr'><strong>ratione</strong></span> <span class='ocrx_word' id='word_1_129' title='bbox 1105 1411 1327 1461; x_wconf 75' lang='lat' dir='ltr'><strong>yeometrica</strong></span> <span class='ocrx_word' id='word_1_130' title='bbox 1349 1410 1445 1459; x_wconf 85' lang='lat' dir='ltr'><strong>fieri</strong></span> <span class='ocrx_word' id='word_1_131' title='bbox 1473 1411 1632 1451; x_wconf 76' lang='lat' dir='ltr'><strong>disserit.</strong></span> <span class='ocrx_word' id='word_1_132' title='bbox 1683 1407 1849 1452; x_wconf 77' lang='lat' dir='ltr'><strong>Postea</strong></span> 
     </span>
     <span class='ocr_line' id='line_1_17' title="bbox 202 1480 1846 1537; baseline 0 -15"><span class='ocrx_word' id='word_1_133' title='bbox 202 1481 416 1537; x_wconf 89' lang='lat' dir='ltr'><strong>quattuor</strong></span> <span class='ocrx_word' id='word_1_134' title='bbox 448 1493 661 1524; x_wconf 85' lang='lat' dir='ltr'><strong>caesurae</strong></span> <span class='ocrx_word' id='word_1_135' title='bbox 682 1480 932 1523; x_wconf 89' lang='lat' dir='ltr'><strong>hexametri</strong></span> <span class='ocrx_word' id='word_1_136' title='bbox 953 1482 1354 1524; x_wconf 80' lang='lat' dir='ltr'><strong>commemorantur</strong></span> <span class='ocrx_word' id='word_1_137' title='bbox 1375 1495 1404 1524; x_wconf 90' lang='lat' dir='ltr'><strong>a</strong></span> <span class='ocrx_word' id='word_1_138' title='bbox 1423 1480 1660 1523; x_wconf 91' lang='lat' dir='ltr'><strong>Dracone</strong></span> <span class='ocrx_word' id='word_1_139' title='bbox 1687 1493 1728 1537; x_wconf 92' lang='lat' dir='ltr'><strong>p.</strong></span> <span class='ocrx_word' id='word_1_140' title='bbox 1746 1480 1846 1534; x_wconf 86' lang='lat'><strong>126,</strong></span> 
     </span>
     <span class='ocr_line' id='line_1_18' title="bbox 201 1551 1845 1612; baseline 0.001 -18"><span class='ocrx_word' id='word_1_141' title='bbox 201 1565 229 1594; x_wconf 88' lang='lat' dir='ltr'><strong>a</strong></span> <span class='ocrx_word' id='word_1_142' title='bbox 251 1551 526 1596; x_wconf 90' lang='lat' dir='ltr'><strong>Victorino</strong></span> <span class='ocrx_word' id='word_1_143' title='bbox 559 1553 582 1595; x_wconf 95' lang='lat' dir='ltr'><strong>I</strong></span> <span class='ocrx_word' id='word_1_144' title='bbox 606 1552 673 1606; x_wconf 89' lang='lat'><strong>19,</strong></span> <span class='ocrx_word' id='word_1_145' title='bbox 701 1552 767 1612; x_wconf 80' lang='lat'><strong>10,</strong></span> <span class='ocrx_word' id='word_1_146' title='bbox 799 1565 828 1594; x_wconf 91' lang='lat' dir='ltr'><strong>a</strong></span> <span class='ocrx_word' id='word_1_147' title='bbox 848 1551 1096 1595; x_wconf 89' lang='lat' dir='ltr'><strong>Diomede</strong></span> <span class='ocrx_word' id='word_1_148' title='bbox 1128 1566 1168 1609; x_wconf 92' lang='lat' dir='ltr'><strong>p.</strong></span> <span class='ocrx_word' id='word_1_149' title='bbox 1190 1552 1291 1606; x_wconf 86' lang='lat'><strong>497,</strong></span> <span class='ocrx_word' id='word_1_150' title='bbox 1325 1565 1352 1595; x_wconf 90' lang='lat' dir='ltr'><strong>a</strong></span> <span class='ocrx_word' id='word_1_151' title='bbox 1379 1551 1652 1595; x_wconf 90' lang='lat' dir='ltr'><strong>Prisciano</strong></span> <span class='ocrx_word' id='word_1_152' title='bbox 1684 1551 1845 1607; x_wconf 83' lang='lat'><strong>11460,</strong></span> 
     </span>
     <span class='ocr_line' id='line_1_19' title="bbox 202 1622 999 1680; baseline 0.001 -14"><span class='ocrx_word' id='word_1_153' title='bbox 202 1623 259 1666; x_wconf 88' lang='lat' dir='ltr'><strong>ab</strong></span> <span class='ocrx_word' id='word_1_154' title='bbox 293 1622 528 1667; x_wconf 87' lang='lat' dir='ltr'><strong>Ausonio</strong></span> <span class='ocrx_word' id='word_1_155' title='bbox 561 1622 697 1680; x_wconf 86' lang='lat' dir='ltr'><strong>praef.</strong></span> <span class='ocrx_word' id='word_1_156' title='bbox 730 1625 842 1667; x_wconf 88' lang='lat' dir='ltr'><strong>cent.</strong></span> <span class='ocrx_word' id='word_1_157' title='bbox 874 1625 999 1680; x_wconf 89' lang='lat' dir='ltr'><strong>nupt.</strong></span> 
     </span>
    </p>

    <p class='ocr_par' dir='ltr' id='par_1_5' title="bbox 202 1695 1845 1822">
     <span class='ocr_line' id='line_1_20' title="bbox 329 1695 1845 1750; baseline 0 -12"><span class='ocrx_word' id='word_1_158' title='bbox 329 1695 425 1739; x_wconf 91' lang='lat' dir='ltr'><strong>Hoc</strong></span> <span class='ocrx_word' id='word_1_159' title='bbox 471 1698 803 1750; x_wconf 82' lang='lat' dir='ltr'><strong>argumentum,</strong></span> <span class='ocrx_word' id='word_1_160' title='bbox 852 1695 1030 1739; x_wconf 87' lang='lat' dir='ltr'><strong>etiamsi</strong></span> <span class='ocrx_word' id='word_1_161' title='bbox 1075 1709 1278 1739; x_wconf 90' lang='lat' dir='ltr'><strong>summae</strong></span> <span class='ocrx_word' id='word_1_162' title='bbox 1325 1695 1562 1750; x_wconf 87' lang='lat' dir='ltr'><strong>gravitatis</strong></span> <span class='ocrx_word' id='word_1_163' title='bbox 1609 1708 1708 1739; x_wconf 89' lang='lat' dir='ltr'><strong>esse</strong></span> <span class='ocrx_word' id='word_1_164' title='bbox 1753 1708 1845 1739; x_wconf 90' lang='lat' dir='ltr'><strong>non</strong></span> 
     </span>
     <span class='ocr_line' id='line_1_21' title="bbox 202 1766 972 1822; baseline 0 -12"><span class='ocrx_word' id='word_1_165' title='bbox 202 1766 440 1822; x_wconf 91' lang='lat' dir='ltr'><strong>contendo,</strong></span> <span class='ocrx_word' id='word_1_166' title='bbox 474 1769 621 1811; x_wconf 88' lang='lat' dir='ltr'><strong>tacere</strong></span> <span class='ocrx_word' id='word_1_167' title='bbox 652 1769 805 1811; x_wconf 91' lang='lat' dir='ltr'><strong>tamen</strong></span> <span class='ocrx_word' id='word_1_168' title='bbox 838 1767 972 1811; x_wconf 93' lang='lat' dir='ltr'><strong>nolui.</strong></span> 
     </span>
    </p>
   </div>
   <div class='ocr_carea' id='block_1_5' title="bbox 743 1874 1314 1921">
    <p class='ocr_par' dir='ltr' id='par_1_6' title="bbox 743 1874 1314 1921">
     <span class='ocr_line' id='line_1_22' title="bbox 743 1874 1314 1921; baseline 0 -1"><span class='ocrx_word' id='word_1_169' title='bbox 743 1874 818 1921; x_wconf 84' lang='lat' dir='ltr'><strong>De</strong></span> <span class='ocrx_word' id='word_1_170' title='bbox 849 1875 1128 1921; x_wconf 84' lang='lat' dir='ltr'><strong>hexametri</strong></span> <span class='ocrx_word' id='word_1_171' title='bbox 1160 1875 1314 1921; x_wconf 84' lang='lat' dir='ltr'><strong>exitu.</strong></span> 
     </span>
    </p>
   </div>
   <div class='ocr_carea' id='block_1_6' title="bbox 198 1957 1845 2446">
    <p class='ocr_par' dir='ltr' id='par_1_7' title="bbox 198 1957 1845 2446">
     <span class='ocr_line' id='line_1_23' title="bbox 322 1957 1845 2015; baseline 0 -13"><span class='ocrx_word' id='word_1_172' title='bbox 322 1959 637 2014; x_wconf 86' lang='lat' dir='ltr'><strong>Terentianus,</strong></span> <span class='ocrx_word' id='word_1_173' title='bbox 690 1972 961 2015; x_wconf 89' lang='lat' dir='ltr'><strong>quamquam</strong></span> <span class='ocrx_word' id='word_1_174' title='bbox 1008 1959 1055 2001; x_wconf 94' lang='lat' dir='ltr'><strong>in</strong></span> <span class='ocrx_word' id='word_1_175' title='bbox 1103 1958 1376 2002; x_wconf 88' lang='lat' dir='ltr'><strong>hexametris</strong></span> <span class='ocrx_word' id='word_1_176' title='bbox 1422 1957 1669 2015; x_wconf 86' lang='lat' dir='ltr'><strong>pangendis</strong></span> <span class='ocrx_word' id='word_1_177' title='bbox 1715 1958 1845 2002; x_wconf 90' lang='lat' dir='ltr'><strong>metri</strong></span> 
     </span>
     <span class='ocr_line' id='line_1_24' title="bbox 203 2029 1843 2086; baseline 0 -13"><span class='ocrx_word' id='word_1_178' title='bbox 203 2029 374 2085; x_wconf 88' lang='lat' dir='ltr'><strong>legibus</strong></span> <span class='ocrx_word' id='word_1_179' title='bbox 407 2029 639 2086; x_wconf 83' lang='lat' dir='ltr'><strong>satisfecit,</strong></span> <span class='ocrx_word' id='word_1_180' title='bbox 676 2033 829 2074; x_wconf 89' lang='lat' dir='ltr'><strong>tamen</strong></span> <span class='ocrx_word' id='word_1_181' title='bbox 861 2029 909 2073; x_wconf 90' lang='lat' dir='ltr'><strong>in</strong></span> <span class='ocrx_word' id='word_1_182' title='bbox 938 2029 1298 2073; x_wconf 91' lang='lat' dir='ltr'><strong>hexametrorum</strong></span> <span class='ocrx_word' id='word_1_183' title='bbox 1329 2029 1423 2073; x_wconf 84' lang='lat' dir='ltr'><strong>fine</strong></span> <span class='ocrx_word' id='word_1_184' title='bbox 1454 2029 1764 2084; x_wconf 87' lang='lat' dir='ltr'><strong>neglegentem</strong></span> <span class='ocrx_word' id='word_1_185' title='bbox 1794 2043 1843 2073; x_wconf 88' lang='lat' dir='ltr'><strong>se</strong></span> 
     </span>
     <span class='ocr_line' id='line_1_25' title="bbox 204 2101 1843 2159; baseline 0 -14"><span class='ocrx_word' id='word_1_186' title='bbox 204 2101 400 2159; x_wconf 87' lang='lat' dir='ltr'><strong>praebet.</strong></span> <span class='ocrx_word' id='word_1_187' title='bbox 461 2101 616 2158; x_wconf 92' lang='lat' dir='ltr'><strong>Neque</strong></span> <span class='ocrx_word' id='word_1_188' title='bbox 658 2102 775 2145; x_wconf 91' lang='lat' dir='ltr'><strong>enim</strong></span> <span class='ocrx_word' id='word_1_189' title='bbox 810 2115 909 2145; x_wconf 90' lang='lat' dir='ltr'><strong>raro</strong></span> <span class='ocrx_word' id='word_1_190' title='bbox 942 2101 988 2144; x_wconf 93' lang='lat' dir='ltr'><strong>in</strong></span> <span class='ocrx_word' id='word_1_191' title='bbox 1020 2103 1214 2145; x_wconf 92' lang='lat' dir='ltr'><strong>exeunte</strong></span> <span class='ocrx_word' id='word_1_192' title='bbox 1245 2114 1380 2144; x_wconf 88' lang='lat' dir='ltr'><strong>versu</strong></span> <span class='ocrx_word' id='word_1_193' title='bbox 1412 2114 1502 2144; x_wconf 90' lang='lat' dir='ltr'><strong>vox</strong></span> <span class='ocrx_word' id='word_1_194' title='bbox 1532 2101 1843 2159; x_wconf 86' lang='lat' dir='ltr'><strong>monosyllaba</strong></span> 
     </span>
     <span class='ocr_line' id='line_1_26' title="bbox 198 2171 1840 2230; baseline 0.001 -14"><span class='ocrx_word' id='word_1_195' title='bbox 198 2173 371 2228; x_wconf 87' lang='lat' dir='ltr'><strong>legitur,</strong></span> <span class='ocrx_word' id='word_1_196' title='bbox 409 2187 525 2230; x_wconf 87' lang='lat' dir='ltr'><strong>quae</strong></span> <span class='ocrx_word' id='word_1_197' title='bbox 557 2173 671 2217; x_wconf 91' lang='lat' dir='ltr'><strong>ratio</strong></span> <span class='ocrx_word' id='word_1_198' title='bbox 703 2173 887 2217; x_wconf 88' lang='lat' dir='ltr'><strong>metrica</strong></span> <span class='ocrx_word' id='word_1_199' title='bbox 918 2186 1092 2230; x_wconf 90' lang='lat' dir='ltr'><strong>semper</strong></span> <span class='ocrx_word' id='word_1_200' title='bbox 1124 2171 1397 2230; x_wconf 88' lang='lat' dir='ltr'><strong>displicebat.</strong></span> <span class='ocrx_word' id='word_1_201' title='bbox 1452 2171 1656 2216; x_wconf 87' lang='lat' dir='ltr'><strong>Sedecies</strong></span> <span class='ocrx_word' id='word_1_202' title='bbox 1686 2186 1840 2217; x_wconf 90' lang='lat' dir='ltr'><strong>vocem</strong></span> 
     </span>
     <span class='ocr_line' id='line_1_27' title="bbox 200 2244 1840 2302; baseline 0.001 -15"><span class='ocrx_word' id='word_1_203' title='bbox 200 2244 556 2302; x_wconf 87' lang='lat' dir='ltr'><strong>monosyllabam</strong></span> <span class='ocrx_word' id='word_1_204' title='bbox 587 2246 633 2288; x_wconf 93' lang='lat' dir='ltr'><strong>in</strong></span> <span class='ocrx_word' id='word_1_205' title='bbox 665 2259 737 2288; x_wconf 89' lang='lat' dir='ltr'><strong>vv.</strong></span> <span class='ocrx_word' id='word_1_206' title='bbox 760 2245 1025 2288; x_wconf 83' lang='lat'>999—1299</span> <span class='ocrx_word' id='word_1_207' title='bbox 1057 2244 1243 2301; x_wconf 90' lang='lat' dir='ltr'><strong>scriptor</strong></span> <span class='ocrx_word' id='word_1_208' title='bbox 1273 2244 1432 2301; x_wconf 90' lang='lat' dir='ltr'><strong>posuit.</strong></span> <span class='ocrx_word' id='word_1_209' title='bbox 1485 2244 1570 2298; x_wconf 81' lang='lat' dir='ltr'><strong>Qui</strong></span> <span class='ocrx_word' id='word_1_210' title='bbox 1601 2258 1712 2288; x_wconf 87' lang='lat' dir='ltr'><strong>usus</strong></span> <span class='ocrx_word' id='word_1_211' title='bbox 1741 2258 1840 2289; x_wconf 90' lang='lat' dir='ltr'><strong>raro</strong></span> 
     </span>
     <span class='ocr_line' id='line_1_28' title="bbox 199 2315 1840 2374; baseline 0 -14"><span class='ocrx_word' id='word_1_212' title='bbox 199 2319 350 2360; x_wconf 85' lang='lat' dir='ltr'><strong>exstat</strong></span> <span class='ocrx_word' id='word_1_213' title='bbox 393 2330 537 2374; x_wconf 89' lang='lat' dir='ltr'><strong>neque</strong></span> <span class='ocrx_word' id='word_1_214' title='bbox 579 2317 806 2360; x_wconf 90' lang='lat' dir='ltr'><strong>invenitur</strong></span> <span class='ocrx_word' id='word_1_215' title='bbox 846 2317 932 2360; x_wconf 88' lang='lat' dir='ltr'><strong>nisi</strong></span> <span class='ocrx_word' id='word_1_216' title='bbox 972 2315 1091 2373; x_wconf 88' lang='lat' dir='ltr'><strong>apud</strong></span> <span class='ocrx_word' id='word_1_217' title='bbox 1135 2316 1370 2373; x_wconf 90' lang='lat' dir='ltr'><strong>scriptores</strong></span> <span class='ocrx_word' id='word_1_218' title='bbox 1410 2315 1678 2360; x_wconf 89' lang='lat' dir='ltr'><strong>christianos</strong></span> <span class='ocrx_word' id='word_1_219' title='bbox 1718 2316 1840 2360; x_wconf 86' lang='lat' dir='ltr'><strong>libris</strong></span> 
     </span>
     <span class='ocr_line' id='line_1_29' title="bbox 198 2387 1840 2446; baseline 0 -15"><span class='ocrx_word' id='word_1_220' title='bbox 198 2390 432 2445; x_wconf 89' lang='lat' dir='ltr'><strong>poetarum</strong></span> <span class='ocrx_word' id='word_1_221' title='bbox 473 2389 757 2446; x_wconf 89' lang='lat' dir='ltr'><strong>antiquorum</strong></span> <span class='ocrx_word' id='word_1_222' title='bbox 800 2390 847 2432; x_wconf 92' lang='lat' dir='ltr'><strong>et</strong></span> <span class='ocrx_word' id='word_1_223' title='bbox 888 2388 1203 2442; x_wconf 84' lang='lat' dir='ltr'><strong>satiricorum⁴)</strong></span> <span class='ocrx_word' id='word_1_224' title='bbox 1249 2387 1459 2445; x_wconf 77' lang='lat' dir='ltr'><strong>exceptis</strong></span> <span class='ocrx_word' id='word_1_225' title='bbox 1521 2387 1656 2431; x_wconf 88' lang='lat' dir='ltr'><strong>Plura</strong></span> <span class='ocrx_word' id='word_1_226' title='bbox 1686 2390 1840 2432; x_wconf 91' lang='lat' dir='ltr'><strong>autem</strong></span> 
     </span>
    </p>
   </div>
   <div class='ocr_carea' id='block_1_7' title="bbox 200 2472 484 2479">
    <p class='ocr_par' dir='ltr' id='par_1_8' title="bbox 200 2472 484 2479">
     <span class='ocr_line' id='line_1_30' title="bbox 200 2472 484 2479; baseline 0 0"><span class='ocrx_word' id='word_1_227' title='bbox 200 2472 484 2479; x_wconf 95' lang='lat' dir='ltr'><strong> </strong></span> 
     </span>
    </p>
   </div>
   <div class='ocr_carea' id='block_1_8' title="bbox 199 2509 1839 3037">
    <p class='ocr_par' dir='ltr' id='par_1_9' title="bbox 317 2509 1193 2562">
     <span class='ocr_line' id='line_1_31' title="bbox 317 2509 1193 2562; baseline 0.001 -13"><span class='ocrx_word' id='word_1_228' title='bbox 317 2509 348 2562; x_wconf 77' lang='grc'><strong>1)</strong></span> <span class='ocrx_word' id='word_1_229' title='bbox 386 2511 496 2551; x_wconf 87' lang='lat' dir='ltr'><strong>Conf.</strong></span> <span class='ocrx_word' id='word_1_230' title='bbox 528 2511 569 2550; x_wconf 92' lang='lat' dir='ltr'><strong>L.</strong></span> <span class='ocrx_word' id='word_1_231' title='bbox 590 2511 742 2556; x_wconf 78' lang='lat' dir='ltr'><strong>Mfiller,</strong></span> <span class='ocrx_word' id='word_1_232' title='bbox 777 2511 800 2550; x_wconf 93' lang='lat' dir='ltr'><strong>l.</strong></span> <span class='ocrx_word' id='word_1_233' title='bbox 824 2523 856 2550; x_wconf 90' lang='lat' dir='ltr'><strong>c.</strong></span> <span class='ocrx_word' id='word_1_234' title='bbox 888 2522 979 2560; x_wconf 87' lang='lat' dir='ltr'><strong>pag.</strong></span> <span class='ocrx_word' id='word_1_235' title='bbox 1002 2511 1087 2549; x_wconf 83' lang='lat'><strong>209</strong></span> <span class='ocrx_word' id='word_1_236' title='bbox 1105 2523 1193 2561; x_wconf 90' lang='lat' dir='ltr'><strong>sqq.</strong></span> 
     </span>
    </p>

    <p class='ocr_par' dir='ltr' id='par_1_10' title="bbox 316 2567 1839 2621">
     <span class='ocr_line' id='line_1_32' title="bbox 316 2567 1839 2621; baseline 0.001 -12"><span class='ocrx_word' id='word_1_237' title='bbox 316 2569 346 2621; x_wconf 64' lang='grc'><strong>2)</strong></span> <span class='ocrx_word' id='word_1_238' title='bbox 385 2571 496 2611; x_wconf 84' lang='lat' dir='ltr'><strong>Conf.</strong></span> <span class='ocrx_word' id='word_1_239' title='bbox 518 2571 582 2611; x_wconf 93' lang='lat' dir='ltr'><strong>W.</strong></span> <span class='ocrx_word' id='word_1_240' title='bbox 600 2570 743 2616; x_wconf 88' lang='lat' dir='ltr'><strong>Christ,</strong></span> <span class='ocrx_word' id='word_1_241' title='bbox 773 2570 916 2609; x_wconf 89' lang='lat' dir='ltr'><strong>Metrik</strong></span> <span class='ocrx_word' id='word_1_242' title='bbox 938 2571 1008 2608; x_wconf 91' lang='lat' dir='ltr'><strong>der</strong></span> <span class='ocrx_word' id='word_1_243' title='bbox 1023 2570 1217 2609; x_wconf 81' lang='lat' dir='ltr'><strong>Griechen</strong></span> <span class='ocrx_word' id='word_1_244' title='bbox 1234 2570 1315 2608; x_wconf 93' lang='lat' dir='ltr'><strong>und</strong></span> <span class='ocrx_word' id='word_1_245' title='bbox 1333 2570 1487 2614; x_wconf 76' lang='lat' dir='ltr'><strong>Romer,</strong></span> <span class='ocrx_word' id='word_1_246' title='bbox 1522 2569 1629 2619; x_wconf 87' lang='lat' dir='ltr'><strong>Lips.</strong></span> <span class='ocrx_word' id='word_1_247' title='bbox 1651 2582 1688 2610; x_wconf 87' lang='lat' dir='ltr'><strong>a.</strong></span> <span class='ocrx_word' id='word_1_248' title='bbox 1706 2567 1839 2610; x_wconf 80' lang='lat'>1879¹</span> 
     </span>
    </p>

    <p class='ocr_par' dir='ltr' id='par_1_11' title="bbox 322 2686 1737 2741">
     <span class='ocr_line' id='line_1_33' title="bbox 322 2686 1737 2741; baseline 0 -13"><span class='ocrx_word' id='word_1_249' title='bbox 322 2688 351 2741; x_wconf 76' lang='lat'><strong>³)</strong></span> <span class='ocrx_word' id='word_1_250' title='bbox 385 2690 497 2731; x_wconf 84' lang='lat' dir='ltr'><strong>Conf.</strong></span> <span class='ocrx_word' id='word_1_251' title='bbox 528 2691 592 2730; x_wconf 89' lang='lat' dir='ltr'><strong>W.</strong></span> <span class='ocrx_word' id='word_1_252' title='bbox 615 2690 757 2735; x_wconf 87' lang='lat' dir='ltr'><strong>Christ,</strong></span> <span class='ocrx_word' id='word_1_253' title='bbox 792 2690 936 2729; x_wconf 89' lang='lat' dir='ltr'><strong>Gesch.</strong></span> <span class='ocrx_word' id='word_1_254' title='bbox 959 2690 995 2730; x_wconf 92' lang='lat' dir='ltr'><strong>d.</strong></span> <span class='ocrx_word' id='word_1_255' title='bbox 1018 2689 1172 2729; x_wconf 89' lang='lat' dir='ltr'><strong>Griech.</strong></span> <span class='ocrx_word' id='word_1_256' title='bbox 1193 2688 1268 2729; x_wconf 89' lang='lat' dir='ltr'><strong>Lit.</strong></span> <span class='ocrx_word' id='word_1_257' title='bbox 1300 2701 1336 2727; x_wconf 88' lang='lat' dir='ltr'><strong>a.</strong></span> <span class='ocrx_word' id='word_1_258' title='bbox 1363 2686 1495 2727; x_wconf 73' lang='lat'>19054</span> <span class='ocrx_word' id='word_1_259' title='bbox 1526 2700 1617 2738; x_wconf 89' lang='lat' dir='ltr'><strong>pag.</strong></span> <span class='ocrx_word' id='word_1_260' title='bbox 1639 2688 1737 2729; x_wconf 86' lang='lat'><strong>800.</strong></span> 
     </span>
    </p>

    <p class='ocr_par' dir='ltr' id='par_1_12' title="bbox 199 2748 1836 3037">
     <span class='ocr_line' id='line_1_34' title="bbox 321 2748 1833 2800; baseline -0.001 -12"><span class='ocrx_word' id='word_1_261' title='bbox 321 2748 352 2800; x_wconf 72' lang='grc'><strong>4)</strong></span> <span class='ocrx_word' id='word_1_262' title='bbox 386 2750 530 2788; x_wconf 85' lang='lat' dir='ltr'><strong>Confer</strong></span> <span class='ocrx_word' id='word_1_263' title='bbox 561 2761 666 2800; x_wconf 87' lang='lat' dir='ltr'><strong>quae</strong></span> <span class='ocrx_word' id='word_1_264' title='bbox 687 2750 884 2795; x_wconf 87' lang='lat' dir='ltr'><strong>Eskuche,</strong></span> <span class='ocrx_word' id='word_1_265' title='bbox 914 2749 983 2799; x_wconf 92' lang='lat' dir='ltr'><strong>qui</strong></span> <span class='ocrx_word' id='word_1_266' title='bbox 1005 2748 1286 2787; x_wconf 87' lang='lat' dir='ltr'><strong>Terentianum</strong></span> <span class='ocrx_word' id='word_1_267' title='bbox 1309 2748 1475 2786; x_wconf 84' lang='lat' dir='ltr'><strong>saeculo</strong></span> <span class='ocrx_word' id='word_1_268' title='bbox 1497 2749 1616 2786; x_wconf 87' lang='lat' dir='ltr'><strong>tertio</strong></span> <span class='ocrx_word' id='word_1_269' title='bbox 1639 2748 1833 2793; x_wconf 83' lang='lat' dir='ltr'><strong>attribuit,</strong></span> 
     </span>
     <span class='ocr_line' id='line_1_35' title="bbox 202 2807 1835 2859; baseline 0.001 -14"><span class='ocrx_word' id='word_1_270' title='bbox 202 2809 352 2857; x_wconf 84' lang='lat' dir='ltr'><strong>profert</strong></span> <span class='ocrx_word' id='word_1_271' title='bbox 397 2810 438 2847; x_wconf 89' lang='lat' dir='ltr'><strong>in</strong></span> <span class='ocrx_word' id='word_1_272' title='bbox 485 2809 836 2859; x_wconf 86' lang='lat' dir='ltr'><strong>disputatiuncula</strong></span> <span class='ocrx_word' id='word_1_273' title='bbox 886 2809 983 2855; x_wconf 87' lang='lat' dir='ltr'><strong>„Die</strong></span> <span class='ocrx_word' id='word_1_274' title='bbox 1028 2809 1234 2846; x_wconf 87' lang='lat' dir='ltr'><strong>Elisionen</strong></span> <span class='ocrx_word' id='word_1_275' title='bbox 1263 2819 1346 2850; x_wconf 58' lang='lat' dir='ltr'><strong>sam</strong></span> <span class='ocrx_word' id='word_1_276' title='bbox 1389 2807 1538 2845; x_wconf 84' lang='lat' dir='ltr'><strong>Schluss</strong></span> <span class='ocrx_word' id='word_1_277' title='bbox 1587 2808 1658 2846; x_wconf 89' lang='lat' dir='ltr'><strong>des</strong></span> <span class='ocrx_word' id='word_1_278' title='bbox 1699 2807 1835 2846; x_wconf 81' lang='lat' dir='ltr'><strong>lateiu.</strong></span> 
     </span>
     <span class='ocr_line' id='line_1_36' title="bbox 201 2867 1836 2920; baseline 0.001 -16"><span class='ocrx_word' id='word_1_279' title='bbox 201 2867 505 2920; x_wconf 82' lang='lat' dir='ltr'><strong>Hexameters“,</strong></span> <span class='ocrx_word' id='word_1_280' title='bbox 553 2869 656 2909; x_wconf 90' lang='lat' dir='ltr'><strong>Mus.</strong></span> <span class='ocrx_word' id='word_1_281' title='bbox 698 2869 823 2907; x_wconf 87' lang='lat' dir='ltr'><strong>Rhen.</strong></span> <span class='ocrx_word' id='word_1_282' title='bbox 866 2868 945 2907; x_wconf 92' lang='lat' dir='ltr'><strong>vol.</strong></span> <span class='ocrx_word' id='word_1_283' title='bbox 980 2868 1083 2906; x_wconf 88' lang='lat' dir='ltr'><strong>XLV</strong></span> <span class='ocrx_word' id='word_1_284' title='bbox 1122 2879 1158 2917; x_wconf 91' lang='lat' dir='ltr'><strong>p.</strong></span> <span class='ocrx_word' id='word_1_285' title='bbox 1182 2867 1266 2906; x_wconf 81' lang='lat'><strong>247</strong></span> <span class='ocrx_word' id='word_1_286' title='bbox 1280 2878 1340 2917; x_wconf 86' lang='lat' dir='ltr'><strong>sq.</strong></span> <span class='ocrx_word' id='word_1_287' title='bbox 1382 2867 1551 2905; x_wconf 82' lang='lat' dir='ltr'><strong>inserta:</strong></span> <span class='ocrx_word' id='word_1_288' title='bbox 1609 2867 1706 2913; x_wconf 85' lang='lat' dir='ltr'><strong>„Die</strong></span> <span class='ocrx_word' id='word_1_289' title='bbox 1737 2867 1836 2906; x_wconf 89' lang='lat' dir='ltr'><strong>Ver-</strong></span> 
     </span>
     <span class='ocr_line' id='line_1_37' title="bbox 199 2926 1835 2978; baseline 0.001 -15"><span class='ocrx_word' id='word_1_290' title='bbox 199 2929 369 2976; x_wconf 88' lang='lat' dir='ltr'><strong>mutung</strong></span> <span class='ocrx_word' id='word_1_291' title='bbox 390 2957 397 2965; x_wconf 92' lang='lat'><strong>.</strong></span> <span class='ocrx_word' id='word_1_292' title='bbox 422 2957 429 2965; x_wconf 97' lang='lat'><strong>.</strong></span> <span class='ocrx_word' id='word_1_293' title='bbox 453 2957 480 2973; x_wconf 90' lang='lat'><strong>.,</strong></span> <span class='ocrx_word' id='word_1_294' title='bbox 515 2929 593 2966; x_wconf 81' lang='lat' dir='ltr'><strong>dass</strong></span> <span class='ocrx_word' id='word_1_295' title='bbox 625 2929 713 2967; x_wconf 90' lang='lat' dir='ltr'><strong>eine</strong></span> <span class='ocrx_word' id='word_1_296' title='bbox 744 2928 920 2978; x_wconf 85' lang='lat' dir='ltr'><strong>gewisse</strong></span> <span class='ocrx_word' id='word_1_297' title='bbox 941 2926 1271 2977; x_wconf 76' lang='lat' dir='ltr'><strong>Nachlassigkeit</strong></span> <span class='ocrx_word' id='word_1_298' title='bbox 1300 2927 1353 2965; x_wconf 91' lang='lat' dir='ltr'><strong>im</strong></span> <span class='ocrx_word' id='word_1_299' title='bbox 1374 2926 1545 2964; x_wconf 86' lang='lat' dir='ltr'><strong>Metrum</strong></span> <span class='ocrx_word' id='word_1_300' title='bbox 1573 2938 1663 2964; x_wconf 88' lang='lat' dir='ltr'><strong>zum</strong></span> <span class='ocrx_word' id='word_1_301' title='bbox 1684 2926 1835 2965; x_wconf 86' lang='lat' dir='ltr'><strong>Wesen</strong></span> 
     </span>
     <span class='ocr_line' id='line_1_38' title="bbox 199 2986 1745 3037; baseline 0.001 -15"><span class='ocrx_word' id='word_1_302' title='bbox 199 2986 267 3023; x_wconf 87' lang='lat' dir='ltr'><strong>der</strong></span> <span class='ocrx_word' id='word_1_303' title='bbox 299 2988 394 3024; x_wconf 72' lang='lat' dir='ltr'><strong>rom.</strong></span> <span class='ocrx_word' id='word_1_304' title='bbox 429 2987 559 3025; x_wconf 85' lang='lat' dir='ltr'><strong>Satire</strong></span> <span class='ocrx_word' id='word_1_305' title='bbox 591 2988 747 3037; x_wconf 67' lang='lat' dir='ltr'><strong>gemite,</strong></span> <span class='ocrx_word' id='word_1_306' title='bbox 781 2988 909 3026; x_wconf 80' lang='lat' dir='ltr'><strong>findet</strong></span> <span class='ocrx_word' id='word_1_307' title='bbox 938 2987 1133 3025; x_wconf 88' lang='lat' dir='ltr'><strong>demnach</strong></span> <span class='ocrx_word' id='word_1_308' title='bbox 1165 2986 1270 3025; x_wconf 90' lang='lat' dir='ltr'><strong>auch</strong></span> <span class='ocrx_word' id='word_1_309' title='bbox 1301 2986 1427 3024; x_wconf 85' lang='lat' dir='ltr'><strong>hierin</strong></span> <span class='ocrx_word' id='word_1_310' title='bbox 1461 2986 1547 3024; x_wconf 86' lang='lat' dir='ltr'><strong>eine</strong></span> <span class='ocrx_word' id='word_1_311' title='bbox 1570 2986 1745 3024; x_wconf 74' lang='lat' dir='ltr'><strong>Stutze.“</strong></span> 
     </span>
    </p>
   </div>
  </div>
 </body>
</html>
