1936 3366
781 262 1078 305 ..27-

109 379 172 422 sie
215 378 318 422 dem
356 378 641 423 Kunststfick
682 380 758 424 der
797 379 1348 439 Buchstabenspielereien
1391 381 1563 435 dienen,
1607 379 1744 423 durch

109 449 179 493 die
216 449 454 507 Optatians
485 449 701 495 Gedichte
742 452 1086 506 ausgezeichnet
1129 452 1241 508 sind,
1284 467 1316 495 s.
1349 451 1419 496 die
1449 451 1744 507 Wiedergabe

108 520 181 564 bei
220 520 377 565 Mulier
413 522 456 566 S.
476 522 546 565 37.
606 523 760 566 Damit
801 523 862 566 ist
903 523 1024 567 diese
1065 523 1384 581 Orthographie
1425 523 1520 567 also
1562 523 1745 578 datiert;

109 592 253 636 dieser
277 592 458 637 Dichter
487 593 659 637 schrieb
691 608 764 637 um
798 595 886 638 320
917 608 959 638 n.
982 594 1079 638 Chr.
1111 594 1252 639 selbst
1282 595 1358 652 qui
1387 595 1449 638 im
1469 594 1617 650 Dativ,
1650 592 1744 637 und

108 677 228 708 zwar
257 664 304 707 in
335 664 480 708 einem
509 664 758 722 Exemplar,
803 665 883 709 das
915 680 962 709 er
993 666 1092 710 dem
1124 666 1284 710 Kaiser
1313 665 1534 711 widmete.
1595 664 1746 709 Daher

107 735 261 779 wurde
294 734 412 779 denn
443 735 558 779 auch
588 735 683 780 fast
708 736 982 792 gleichzeitig
1002 738 1083 781 mit
1105 737 1271 781 diesem
1293 737 1507 795 Optatian
1526 738 1587 780 im
1607 736 1743 780 Pala-

107 807 231 850 tinus
261 806 435 862 Vergils
466 805 619 863 Georg.
653 809 693 862 2,
711 808 799 851 204
842 807 923 852 das
967 809 1042 865 qui
1072 808 1145 851 ffir
1176 810 1247 852 cui
1278 810 1533 864 eingesetzt,
1577 808 1744 852 ebenso

107 878 194 922 wie
239 878 301 921 im
342 878 567 922 Leviticus
606 878 886 923 Monacensis
919 880 987 936 13,
1007 881 1033 922 2
1081 880 1273 935 (Ziegler,
1315 880 1620 924 Bruchstiicke
1664 878 1743 922 des

106 949 400 1005 Pentateuch)
432 949 525 993 und
555 950 615 993 im
648 950 788 995 Gaius
818 952 965 995 Instit.
997 966 1037 1008 p.
1061 953 1160 1006 121,
1178 952 1249 1007 21,
1293 951 1387 994 und
1416 952 1567 995 Donat
1597 950 1745 994 merkt

107 1035 162 1064 zu
193 1021 360 1064 Terenz
391 1021 565 1065 Phorm.
589 1023 628 1076 1,
647 1022 744 1077 2,19
777 1036 857 1066 an:
889 1024 966 1080 qui
997 1023 1178 1066 dativus
1210 1037 1342 1066 casus
1375 1023 1482 1066 est.“

224 1104 464 1148 Praeterea
502 1108 568 1157 qui
606 1119 684 1162 pro
726 1109 789 1147 cui
828 1106 1056 1149 invenitur
1084 1107 1132 1150 in
1161 1106 1447 1163 inscriptione
1477 1104 1743 1149 inordinatis

106 1175 268 1219 litteris
308 1190 553 1233 parumque
595 1176 723 1220 claris
765 1177 930 1234 scripta
942 1179 972 1232 ¹)
1017 1177 1072 1232 (G.
1094 1178 1124 1221 I.
1145 1177 1192 1222 L.
1214 1178 1253 1221 V
1295 1177 1436 1234 suppl.
1467 1177 1567 1221 Ital.
1599 1176 1664 1220 ed.
1691 1175 1744 1220 H.

106 1247 211 1290 Pais
240 1247 288 1290 in
318 1247 417 1290 Atti
449 1247 565 1291 della
594 1247 732 1291 Reale
763 1248 1006 1292 Academia
1037 1248 1108 1293 dei
1138 1249 1297 1303 Lincei,
1339 1249 1379 1292 S.
1401 1250 1486 1292 IV:
1531 1247 1743 1291 Memorie

106 1318 192 1362 vol.
212 1317 255 1361 V
299 1333 340 1375 p.
362 1319 449 1362 210
494 1333 536 1363 n.
560 1319 688 1374 1080,
722 1321 836 1374 474),
884 1334 1020 1377 quam
1064 1320 1327 1364 Franciscus
1373 1319 1626 1368 Buecheler,
1675 1318 1744 1361 vir

107 1389 453 1446 sollertissimus,
487 1390 727 1448 explicavit
746 1391 793 1434 in
814 1391 924 1434 Mus.
946 1391 1086 1435 Rhen.
1117 1391 1202 1435 vol.
1219 1391 1339 1434 XLV
1361 1394 1413 1446 (a.
1432 1391 1559 1445 1890)
1587 1404 1626 1448 p.
1642 1390 1741 1433 334.

225 1461 427 1519 Denique
464 1462 601 1505 etiam
631 1462 716 1505 hac
746 1476 792 1505 re
825 1463 1029 1517 cogimur,
1061 1465 1113 1506 ut
1144 1462 1459 1506 Terentianum
1493 1461 1671 1505 saeculo
1702 1476 1743 1518 p.

109 1532 204 1576 Chr.
225 1547 267 1576 n.
298 1533 430 1577 tertio
463 1533 817 1576 adnumeremus.
867 1534 1023 1591 Neque
1055 1534 1172 1577 enim
1192 1533 1282 1577 ullo
1304 1533 1434 1577 modo
1454 1533 1554 1576 fieri
1574 1535 1740 1590 potest,

107 1605 160 1647 ut
190 1604 449 1661 scriptorem
485 1618 587 1648 eum
619 1604 797 1648 saeculo
830 1605 1024 1648 secundo
1057 1605 1371 1660 attribuamUS,
1416 1604 1493 1661 qui
1523 1603 1576 1648 de
1608 1603 1742 1648 rebus

108 1674 297 1728 disserit,
330 1690 446 1733 quae
477 1689 568 1719 non
599 1676 685 1719 nisi
715 1675 818 1720 inde
850 1690 877 1719 a
909 1675 1086 1720 saeculo
1118 1676 1249 1720 tertio
1280 1676 1582 1719 inveniuntur.

802 1855 984 1913 Caput
1004 1855 1056 1899 V.

256 1940 344 1995 De
381 1940 585 1995 verbis
623 1940 927 1995 inferioris
966 1940 1279 1994 latinitatis
1317 1940 1598 2008 propriis.

225 2059 290 2102 De
322 2058 578 2103 Terentiani
607 2058 750 2101 Mauri
781 2061 933 2102 aetate
965 2072 1017 2102 eo
1050 2058 1197 2101 minus
1229 2057 1394 2112 ambigi
1423 2059 1585 2115 potest,
1625 2056 1742 2114 quod

107 2131 153 2173 in
194 2130 478 2174 vocabulario
526 2130 622 2173 eius
662 2129 806 2173 multa
846 2130 1014 2183 insunt,
1062 2143 1177 2186 quae
1217 2130 1504 2186 posteriorem
1545 2131 1743 2172 aetatem

106 2201 317 2245 indicant.
379 2200 523 2258 Supra
562 2201 609 2244 in
651 2201 796 2257 capite
837 2201 975 2258 primo
1017 2200 1359 2245 commemoravi
1398 2200 1468 2243 his
1510 2199 1741 2243 vocabulis

108 2273 427 2317 Terentianum
457 2272 636 2316 saeculo
667 2273 797 2316 tertio
831 2274 1023 2316 exeunte
1055 2272 1281 2328 scripsisse
1313 2271 1595 2328 comprobari.

227 2355 502 2411 Colliguntur
515 2355 651 2411 igitur
665 2355 749 2399 hoc
766 2356 911 2412 capite
929 2355 1080 2411 verba,
1103 2369 1219 2412 quae
1235 2357 1412 2412 praeter
1426 2355 1743 2398 Terentianum

107 2441 199 2471 non
228 2427 315 2470 nisi
345 2428 393 2470 in
423 2440 624 2470 sermone
656 2428 914 2483 scriptorum
946 2426 1162 2469 inferioris
1182 2425 1422 2469 latinitatis
1442 2426 1742 2469 inveniuntur.

108 2499 345 2543 Praeterea
375 2499 512 2542 etiam
543 2513 599 2542 ea
619 2500 945 2555 componuntur
965 2497 1199 2551 vocabula,
1233 2511 1346 2554 quae
1366 2497 1414 2540 111
1435 2511 1573 2540 aurea
1592 2496 1741 2540 latini-

107 2571 204 2613 tate
245 2584 361 2627 quae
398 2571 586 2613 vocatur
624 2570 914 2627 reperiuntur,
954 2569 1033 2612 sed
1074 2568 1253 2612 saeculo
1294 2568 1433 2624 primo
1472 2569 1518 2611 et
1549 2567 1742 2612 secundo

108 2643 211 2698 post
231 2640 327 2685 chr.
347 2656 390 2685 n.
410 2640 504 2685 fere
526 2639 701 2696 desunt,
729 2640 1003 2684 reviviscunt
1025 2641 1175 2683 autem
1199 2639 1316 2696 apud
1339 2639 1572 2695 scriptores
1592 2641 1742 2696 poste-

107 2712 232 2756 rioris
263 2712 439 2757 aetatis.

228 2880 259 2932 1)
291 2882 407 2920 Hunc
437 2882 571 2921 locum
602 2882 698 2919 mihi
729 2881 925 2919 indicavit
955 2880 1119 2925 Birtius‚
1159 2891 1317 2917 summa
1348 2891 1431 2929 qua
1461 2891 1617 2929 semper
1646 2891 1741 2930 erga

110 2953 172 2979 me
202 2940 282 2978 fuit
310 2941 573 2979 humanitate.
