1936 3366
771 277 1037 319 -9-

112 440 114 443 ,
200 392 251 437 G.
273 392 485 437 Studer
505 393 783 438 Lachmanni
813 395 1085 439 sententiam
1116 396 1284 453 primus
1315 396 1362 440 in
1393 395 1720 441 dubitationem

80 465 261 508 vocavit
299 465 347 508 in
389 464 772 522 disputatiuncula
815 458 959 522 „Uber
1000 467 1081 510 das
1122 466 1333 511 Zeitalter
1373 467 1452 511 des
1482 468 1720 513 Petronius

80 535 283 580 Arbiter“
326 535 438 580 Mus.
468 537 608 580 Rhen.
642 536 728 580 vol.
759 537 802 581 II
834 538 976 592 (1843)
1007 553 1048 595 p.
1080 539 1137 582 65
1154 553 1247 596 sqq.
1287 539 1470 595 inserta,
1515 540 1591 597 qui
1631 540 1719 583 duo

81 609 345 662 argumenta
385 622 414 651 a
453 607 742 651 Lachmanno
782 607 957 666 prolata
998 609 1244 666 impugnat.
1314 610 1511 654 Primum
1551 611 1719 668 optimo

78 678 173 722 iure
200 678 382 735 refutat,
403 679 520 736 quod
540 679 610 723 vir
629 678 787 723 doetus
819 693 874 723 ex
898 694 936 723 v.
959 681 1075 724 2489
1088 683 1198 738 sq.¹),
1221 682 1299 725 ubi
1319 682 1504 739 scriptor
1523 682 1720 726 Petronii

79 751 352 794 mentionem
382 750 499 804 feeit,
531 749 849 794 Terentianum
880 751 964 794 sub
995 751 1135 795 finem
1163 752 1330 796 saeculi
1350 754 1470 797 tertii
1491 754 1718 811 scripsisse

81 820 315 866 concludit
391 820 563 865 Deinde
612 821 811 878 dubitat,
858 823 1212 867 nominaveritne
1259 824 1555 868 Terentianus
1593 825 1641 868 in
1677 838 1717 868 v.

80 892 197 936 2135
209 894 305 950 sq.²)
337 894 575 937 Annaeum
606 893 821 938 Senecam
854 895 901 936 et
922 893 1216 951 Pomponium
1243 895 1496 939 Secundum
1527 896 1717 951 tragicos

78 967 261 1017 antiquos.
306 963 373 1007 Ex
403 966 501 1008 toto
535 966 751 1008 contextu
781 964 1016 1009 verborum
1031 968 1060 1020 ³³)
1092 966 1187 1010 viro
1210 966 1338 1010 docto
1361 980 1572 1024 apparere
1592 967 1717 1010 vide-

77 1037 153 1078 tur
182 1049 272 1078 non
303 1035 560 1092 Pomponio,
592 1035 671 1079 sed
701 1036 855 1093 priscis
885 1037 1028 1094 poetis
1061 1036 1306 1094 Graiisque,
1340 1052 1425 1094 quo
1456 1039 1503 1081 in
1533 1052 1716 1082 numero
1764 1052 1769 1059 ·

77 1105 349 1163 Pomponius
390 1120 481 1150 non
519 1109 653 1162 esset,
694 1109 851 1164 poetas
895 1108 1089 1151 minores
1134 1109 1360 1166 oppositos
1391 1123 1502 1153 esse.
1562 1108 1717 1167 Neque

78 1191 185 1221 vero
225 1177 299 1221 ille
345 1180 622 1234 argumenta,
676 1178 837 1236 quibus
883 1178 1053 1237 aliquid
1095 1179 1433 1235 demonstretur,
1475 1181 1717 1238 proposuit.

81 1248 176 1302 Quo
218 1249 395 1293 saeculo
427 1250 723 1293 Terentianus
763 1249 910 1307 fuerit,
953 1252 1000 1294 in
1043 1252 1187 1295 medio
1228 1251 1438 1309 relinquit
1467 1253 1537 1296 his
1567 1253 1716 1296 verbis

78 1333 120 1376 p.
142 1321 216 1363 66:
266 1319 351 1377 „Es
395 1321 569 1364 scheint
610 1320 828 1366 demnach
867 1322 983 1366 noch
1023 1323 1181 1366 immor
1221 1323 1345 1368 nicht
1384 1322 1618 1379 geniigend
1649 1338 1716 1367 er-

202 1477 231 1530 1)
263 1490 301 1519 v.
324 1479 439 1518 2489
458 1492 517 1529 sq.

363 1541 406 1577 at
434 1538 589 1577 Arbiter
618 1538 778 1578 disertus

361 1598 471 1637 libris
500 1598 579 1637 suis
608 1598 818 1648 frequentat
846 1598 944 1650 (soil.
971 1599 1148 1639 dimetros
1177 1600 1380 1652 iambicos).

198 1655 226 1707 ⁹)
259 1669 296 1695 v.
320 1657 435 1696 2135
453 1670 513 1707 sq.

361 1717 403 1755 in
434 1717 589 1767 trayicis
618 1717 773 1756 iunxere
804 1717 927 1757 choris
954 1718 1052 1757 hunc
1080 1730 1187 1768 saepe
1216 1719 1348 1759 diserti

360 1775 538 1815 Annaeus
568 1775 707 1816 Seneca
737 1780 772 1815 et
799 1777 1033 1827 Pomponius
1061 1781 1146 1817 ante
1174 1778 1370 1818 Secundus.

197 1845 225 1898 ³)
257 1859 294 1886 v.
322 1847 432 1886 1957
451 1860 540 1898 sqq.

362 1906 458 1945 Cum
488 1919 576 1946 vero
605 1907 829 1956 heptameres
861 1908 982 1956 fuerit
1009 1908 1148 1948 divisio
1177 1921 1316 1958 versus,

359 1965 400 2004 in
431 1967 589 2016 tragicis
611 1966 831 2017 plerumque
860 1968 984 2007 choris
1014 1968 1256 2018 deprenditur
1284 1981 1380 2009 unus

361 2025 522 2065 insertus
551 2026 679 2065 multis
707 2039 780 2065 non
811 2039 888 2066 una
918 2027 991 2077 Zeqe
1021 2029 1166 2069 creatis.

223 2084 335 2122 1960
364 2085 496 2133 fabula
524 2085 580 2124 sic
608 2085 813 2135 Euripidis
842 2087 974 2126 inclita
1003 2090 1187 2127 monstrat
1216 2087 1378 2130 Orestes:

358 2156 448 2183 nam
478 2145 546 2183 tali
574 2157 683 2184 versu
713 2146 853 2185 cunctis
883 2146 1151 2195 trepidantibus
1179 2148 1281 2187 intus

358 2203 545 2253 Aryivum
574 2204 721 2254 fuqiens
750 2205 934 2244 eunuchus
962 2205 1112 2256 flayitat
1139 2219 1276 2254 ensem;

361 2265 480 2301 cetera
508 2275 583 2302 non
612 2264 733 2302 simili
761 2264 949 2314 componit
977 2265 1060 2315 leye,
1093 2265 1157 2305 sed
1185 2269 1293 2316 aptos

359 2322 529 2361 continue
558 2322 703 2372 trepido
725 2323 858 2373 plures
887 2325 1041 2364 conectit
1067 2325 1219 2366 iambos.

221 2381 332 2420 1965
363 2381 499 2421 inserit
525 2381 615 2421 haec
643 2395 754 2432 aeque
784 2383 1014 2433 Pomponius
1043 2385 1085 2423 in
1116 2384 1275 2424 chor-icis
1303 2386 1369 2431 sic,

358 2440 615 2480 ‘Rhoeteis
636 2443 822 2491 procul
850 2456 875 2482 a
905 2443 1092 2489 terris’,
1125 2457 1215 2483 mox
1244 2445 1395 2494 dispare
1424 2456 1533 2484 versu

358 2500 529 2549 subiecto,
561 2499 877 2551 ‘Priamique
907 2515 1027 2542 aras
1057 2503 1296 2542 damnare
1319 2504 1477 2553 pias':
1507 2507 1593 2542 tunc

358 2558 525 2598 ‘obrue
554 2572 642 2599 nos
671 2560 977 2611 Danaosque
1006 2562 1169 2601 simul'
1194 2563 1363 2612 parilem
1393 2563 1590 2603 dedititii.

357 2631 432 2657 non
462 2619 628 2668 equidem
656 2628 811 2669 possum
837 2623 891 2660 tot
909 2622 1060 2670 priscos
1089 2634 1193 2662 nosse
1215 2625 1358 2671 poetas,

222 2677 333 2716 1970
364 2681 407 2716 ut
434 2681 598 2717 veterum
627 2680 804 2728 ezcemplis
843 2681 987 2719 valeam
1016 2693 1109 2730 quae
1139 2684 1260 2720 tracto
1283 2682 1467 2730 probare:

358 2737 521 2776 Maurus
549 2739 637 2777 item
667 2741 823 2788 quantos
846 2740 958 2788 potui
987 2752 1199 2790 coquoscere
1231 2739 1397 2779 Graios?

358 2808 518 2845 quorum
540 2799 745 2847 praecipue
773 2799 907 2838 studiis
935 2811 1001 2838 ars
1030 2800 1174 2838 musica
1205 2802 1355 2839 constat.

358 2868 464 2895 nemo
494 2858 615 2895 tamen
647 2858 775 2906 culpet,
808 2858 843 2897 si
870 2870 976 2897 sumo
1006 2859 1175 2907 exempla
1204 2858 1365 2898 novena:

360 2926 449 2952 nam
478 2918 515 2953 et
540 2916 672 2955 melius
701 2917 823 2955 nostri
851 2920 1051 2956 servarunt
1077 2920 1197 2956 metra
1225 2918 1398 2957 minores.

224 2972 333 3011 1975
364 2972 576 3022 Septimius,
610 2975 737 3014 docuit
765 2987 836 3025 quo
865 2976 970 3015 ruris
1000 2977 1175 3025 opuscuh
1205 2976 1313 3016 libro.
