1936 3366
730 283 1026 326 -17..-

195 401 198 403 ’
234 400 318 442 128
357 402 478 441 Unam
507 404 682 452 quoniam
711 407 770 442 sat
794 401 800 456 1
827 404 993 443 habitum
1027 407 1078 443 est
1107 407 1238 443 notare
1270 405 1408 453 forma.

233 470 318 514 658
350 486 573 523 quamquam
604 474 691 515 ἴτυν
721 475 851 514 dicunt
878 475 1031 522 Achaei,
1066 476 1162 516 hanc
1190 476 1308 524 vitym
1336 487 1422 526 qens
1441 475 1591 529 Aeoli.1)

233 542 317 585 738
349 545 438 594 quia
467 557 599 596 sequor
628 546 771 586 easdem
797 542 803 601 Ι
829 547 992 593 habebat,
1026 547 1123 586 unde
1151 560 1283 586 nomen
1311 548 1492 594 nascitur,

216 614 317 656 ‘793
347 617 458 656 huius
488 630 538 656 an
565 613 571 673 Ι
598 618 686 656 huic
714 619 869 657 solemus
899 631 988 658 nam
1018 619 1229 668 frequenter
1257 619 1398 658 dicere:

232 685 346 728 1589
377 690 493 727 metus
520 683 525 744 Ι
552 688 705 728 habebat
734 692 801 728 aut
821 690 1042 739 propinqua
1072 689 1219 729 adoria.

183 766 500 811 Terentianum
548 769 618 812 his
668 770 714 812 in
764 770 967 813 versibus
1019 771 1126 814 ante
1175 773 1200 811 h
1249 770 1443 814 litteram
1494 770 1692 829 syllabas

57 837 215 882 breves
265 839 311 881 in
364 842 686 884 consonantem
737 843 952 884 exeuntes
1004 841 1235 898 positionis
1286 841 1382 897 lege
1429 841 1689 899 produxisse

56 910 321 953 statuimus.-
369 911 432 954 At
471 925 576 955 vero
609 911 812 968 editoreS,
857 926 956 955 cum
990 913 1246 969 scriptorem
1278 915 1564 957 consonantis
1594 913 1690 958 loco

54 983 79 1021 h
119 980 314 1025 litteram
358 983 643 1040 usurpavisse
680 985 910 1039 negarent,
958 984 1126 1027 tradita
1155 983 1294 1028 verba
1324 986 1614 1029 mutaverunt
1645 988 1690 1029 et

55 1051 331 1111 coniecturas
373 1054 664 1110 protulerunt.
725 1055 775 1097 In
816 1069 948 1098 versu
982 1056 1080 1110 128,
1122 1057 1174 1098 ut
1205 1055 1455 1113 exemplum
1486 1056 1688 1112 afferam,

54 1122 225 1167 Santen
266 1125 439 1182 scripsit
477 1129 570 1168 satis
607 1129 773 1168 habitum
813 1140 890 1183 pro
921 1133 982 1169 sat
1009 1130 1188 1183 habitum,
1231 1126 1488 1170 Lachmann
1519 1131 1581 1179 fas
1609 1142 1687 1186 pro

51 1200 112 1236 sat
152 1195 352 1250 coniecit,
394 1195 552 1240 Werth
595 1198 673 1252 (De
713 1198 808 1241 Ter.
830 1212 957 1242 serm.
981 1203 1027 1241 et
1059 1200 1146 1241 aet.
1177 1212 1216 1254 p.
1237 1199 1351 1253 370),
1395 1199 1500 1255 quia
1529 1203 1593 1250 fas
1625 1201 1688 1244 sic

51 1279 143 1309 non
182 1269 484 1324 usurparetur,
535 1272 595 1310 ius
636 1283 714 1326 pro
765 1273 827 1321 fas
866 1270 1106 1326 proposuit.
1168 1269 1255 1313 Sed
1295 1271 1470 1327 propria
1502 1272 1548 1314 et
1578 1284 1686 1315 vera

52 1338 279 1382 sententia
311 1339 532 1383 enuntiati
563 1340 827 1384 coniecturis
856 1355 1038 1398 pessum
1070 1340 1213 1396 datur,
1252 1355 1358 1385 nam
1387 1347 1457 1395 sat,
1491 1341 1609 1399 quod
1639 1343 1685 1385 in

50 1407 243 1453 editione
280 1409 601 1455 Mediolanensi
641 1411 839 1467 legimus,
883 1412 941 1456 ad
981 1427 1076 1456 rem
1117 1412 1396 1470 aptissimum
1438 1415 1507 1456 est
1548 1415 1684 1470 atque

51 1479 266 1536 optimum
307 1495 488 1526 sensum
518 1483 745 1540 praebetff)
809 1483 906 1536 Qua
938 1484 992 1527 de
1025 1498 1163 1528 causa
1192 1498 1269 1540 pro
1300 1485 1419 1527 recto
1450 1483 1682 1540 habemus,

49 1550 168 1608 quod
208 1552 422 1596 traditum
464 1557 546 1610 est,
588 1569 734 1612 neque
778 1555 970 1598 virorum
1017 1554 1245 1599 doctorum
1277 1555 1539 1599 coniecturis
1571 1570 1682 1613 opus

50 1623 131 1677 est,
179 1637 280 1666 cum
325 1626 602 1682 posterioreS,
651 1627 727 1683 qui
769 1626 1024 1670 Terentiani
1069 1626 1202 1670 libros
1243 1626 1556 1684 lectitaverint,
1599 1627 1683 1671 hos

48 1693 243 1751 quinque
264 1710 421 1739 versus
452 1711 632 1754 pessum
655 1697 828 1741 dedisse
859 1711 950 1741 non
981 1699 1204 1755 putemus,
1245 1697 1360 1754 quod
1391 1697 1562 1742 factum
1583 1713 1682 1743 esse

47 1763 153 1809 dicit
188 1765 346 1811 Werth
388 1767 455 1821 (de
487 1768 581 1812 Ter.
615 1771 738 1813 metr.
771 1771 818 1812 et
849 1768 953 1812 eloc.
985 1783 1024 1826 p.
1048 1770 1130 1824 26).
1193 1769 1310 1813 Sane
1352 1769 1538 1827 scriptor
1578 1770 1682 1814 huic

44 1835 250 1881 licentiae
283 1840 503 1882 contraria
534 1839 662 1883 docet
691 1840 738 1883 in
769 1840 970 1884 versibus
1003 1841 1088 1884 789
1106 1855 1198 1897 sqq.

328 1911 419 1952 Sola
447 1926 512 1952 nec
541 1914 680 1953 vocalis
709 1926 818 1954 usum
847 1918 912 1954 nec
942 1917 1066 1954 tuetur
1095 1927 1283 1961 consonae,

328 1986 470 2034 tempus
498 1988 566 2024 aut
593 1985 787 2024 ministrat
814 1986 932 2025 ullum
962 1986 1132 2025 brevibus
1162 1998 1318 2036 usquam
1346 1986 1501 2035 syllabis
1509 1999 1523 2036 ,·

327 2058 362 2093 et
390 2058 512 2095 tamen
541 2057 619 2095 vim
650 2058 884 2098 consonantis
914 2057 1061 2104 adimit,
1094 2069 1170 2096 una
1200 2057 1241 2096 in
1270 2057 1415 2105 syllaba

320 2127 500 2175 praedita
529 2130 581 2167 est
610 2129 773 2178 quotiens
804 2129 944 2168 duabus
982 2129 1017 2168 U
1043 2132 1078 2168 et
1106 2127 1142 2170 Ι
1163 2129 1362 2168 vocalibus.

162 2255 191 2308 1)
225 2257 415 2296 Conferas
449 2271 552 2308 quae
584 2260 654 2298 Th.
675 2260 772 2305 Birt,
806 2260 885 2298 Der
904 2260 1001 2298 Hiat
1031 2260 1094 2298 bei
1115 2260 1286 2298 Plautus
1318 2272 1355 2310 p.
1379 2260 1433 2299 97
1452 2273 1511 2310 sq.
1535 2260 1671 2299 docet:

46 2316 186 2367 „Auch
223 2317 353 2355 dieser
383 2317 504 2367 Beleg
544 2319 616 2357 hat
654 2319 761 2358 volle
792 2311 1044 2369 Bedeutung;
1087 2320 1191 2358 denn
1228 2320 1492 2358 Terentianus
1534 2320 1673 2358 duldet

41 2375 178 2414 weder
216 2376 258 2414 in
300 2376 368 2414 der
399 2377 526 2415 Casur
567 2378 637 2417 des
669 2379 886 2428 Septenars
917 2380 1020 2418 noch
1052 2379 1094 2417 in
1126 2380 1194 2416 der
1225 2379 1295 2417 des
1328 2379 1477 2417 Senars
1510 2379 1672 2417 offenen

40 2434 501 2475 Vokalzusammenstoss
552 2438 624 2475 mit
674 2439 908 2476 Ausnahme
960 2438 1030 2477 des
1076 2451 1114 2478 v.
1152 2438 1256 2483 410,
1311 2450 1377 2477 wo
1423 2438 1670 2487 griechische

40 2493 194 2533 Vokale
235 2497 622 2542 zusammenstehen,
658 2498 739 2535 und
772 2510 808 2535 v.
832 2497 930 2543 617,
973 2509 1040 2536 wo
1073 2498 1135 2535 die
1166 2497 1321 2536 Vokale
1354 2498 1481 2535 selbst
1512 2497 1669 2546 Gegen-

41 2554 162 2591 stand
193 2554 262 2601 der
282 2554 566 2605 Besprechung
597 2556 704 2595 sind:
737 2557 821 2599 sEst
851 2557 983 2595 adhuc
1015 2569 1095 2606 quo
1128 2558 1341 2606 separatae
1369 2552 1418 2610 [Ι
1451 2558 1491 2594 et
1521 2557 1555 2594 U
1586 2557 1670 2595 dis-

41 2613 234 2658 sentiunt;
267 2614 416 2652 ebenso
448 2627 486 2653 v.
510 2612 632 2656 731.“

159 2670 189 2723 2)
223 2672 333 2711 Conf.
355 2673 426 2711 Th.
447 2674 544 2720 Birt,
577 2675 655 2713 Der
685 2675 782 2713 Hiat
811 2675 875 2713 bei
905 2675 1077 2713 Plautus
1109 2688 1145 2724 p.
1169 2675 1242 2715 97:
1277 2676 1371 2726 „sat
1401 2675 1583 2713 habitum
1615 2675 1673 2713 ist

40 2731 115 2768 das
148 2731 277 2780 einzig
298 2732 579 2782 Sinngemasse;
618 2734 687 2772 der
707 2734 918 2772 Verfasser
949 2736 1053 2783 sagt‚
1088 2734 1165 2772 dass
1197 2734 1272 2772 das
1292 2733 1544 2772 Lateinische
1577 2734 1670 2772 kein

38 2789 117 2827 Eta
155 2790 238 2828 und
270 2791 417 2840 Omega
459 2793 650 2839 schreibe‚
693 2793 786 2831 weil
828 2806 872 2831 es
905 2793 966 2832 als
1004 2793 1260 2842 „geniigend“
1297 2793 1475 2831 erachtet
1503 2794 1670 2832 worden

38 2848 106 2894 ist,
140 2849 203 2887 ein
236 2849 410 2899 einziges
437 2852 607 2890 Zeichen
638 2864 709 2890 zur
730 2852 880 2890 Schrist
899 2865 950 2890 zu
970 2852 1224 2897 verwenden,
1258 2851 1432 2890 welches
1455 2853 1670 2902 doppelten

37 2907 181 2948 Dienst
219 2909 317 2947 thue
358 2908 408 2959 (v.
433 2911 515 2949 129
548 2923 652 2961 quae
683 2923 754 2961 pro
785 2911 1033 2961 temporibus
1064 2911 1264 2961 geminum
1295 2923 1415 2950 usum
1446 2912 1668 2964 ministret).

36 2969 137 3012 Also
168 2968 223 3007 ist
254 2970 321 3007 sat
350 2969 434 3008 hier
463 2968 795 3020 positionslang.“
1496 2988 1498 2991 ’

107 3041 197 3070 Ries.
1407 3038 1430 3073 2
