1936 3366
788 286 1084 328 —43—

524 402 577 448 E.
610 403 768 449 Unum
800 416 1148 461 pronomen
1182 405 1361 451 inveni.

332 558 374 587 v.
398 545 483 587 122
515 543 629 588 alter
659 559 797 589 sonus
829 487 1116 590 estuat-nota
1145 548 1393 604 temporum
1423 547 1592 591 minori.

238 626 488 671 Pronomen
528 631 625 669 alter
671 628 754 672 hoc
793 628 889 673 loco
930 636 1008 686 pro
1049 632 1148 672 alius
1176 629 1418 674 insolenter
1447 630 1641 687 positum
1674 632 1756 673 est.

121 699 262 751 Quem
291 712 425 742 usum
454 701 631 755 praeter
661 699 980 743 Terentianum
1011 701 1245 757 scriptores
1277 700 1574 750 ecclesiastici,
1614 701 1723 744 Lac
1737 726 1757 733 —

120 769 358 812 tantius
390 771 436 813 et
465 769 678 827 imprimis
710 770 1099 828 Hieronymus
1130 772 1343 826 habent.²)
1395 772 1632 816 Praeterea
1660 776 1758 814 alter

119 853 197 897 pro
218 843 317 882 alius
335 840 553 897 reperitur
566 843 595 896 ²)
619 840 738 898 apud
760 841 1011 885 Commod.
1034 842 1194 886 instr.I
1216 844 1325 900 12,6
1346 846 1451 886 Iovis
1470 847 1590 886 altera
1603 846 1755 886 moecha

119 911 139 954 Ι
160 911 232 967 30,
251 912 289 954 2.
327 913 406 969 Ap
421 911 480 956 ol.
503 913 590 955 488
607 927 671 970 sq.
702 913 801 958 501.
833 914 932 957 504.
953 914 1040 957 515
1057 928 1119 971 sq.
1152 914 1250 958 604.
1298 913 1338 957 V
1354 915 1446 958 ict.
1467 915 1569 958 Vit.
1591 928 1756 972 perseo.

121 982 162 1025 H
182 983 239 1025 66
281 985 386 1025 Nam
426 987 461 1025 si
499 987 654 1026 alterius
693 1000 716 1026 a
750 990 864 1036 patre
904 988 1130 1027 substantiae
1171 991 1232 1028 est.
1303 985 1508 1029 Athim.
1551 1000 1585 1029 c.
1607 986 1665 1029 30
1704 988 1755 1027 ad

119 1057 295 1096 m’rtutm
326 1057 489 1107 proficit
526 1058 677 1108 corpori
714 1059 847 1098 melius
885 1071 998 1108 quam
1026 1060 1121 1098 alter
1151 1059 1261 1098 cibus.
1323 1071 1357 1100 c.
1379 1058 1436 1100 49
1472 1060 1590 1099 altero
1619 1072 1756 1099 veneno

121 1140 212 1177 opus
240 1140 315 1167 non
344 1128 461 1168 habet.
513 1125 736 1170 Paulin.
769 1127 974 1170 Petric.
1006 1128 1083 1171 vit.
1114 1127 1291 1171 Martini
1323 1129 1364 1182 4,
1383 1128 1469 1171 253
1500 1131 1620 1170 altera
1642 1131 1758 1180 pocla

120 1199 247 1238 decent
281 1200 453 1240 homines
489 1200 652 1240 Iordane
682 1203 841 1241 renatos.
903 1199 1048 1254 5,194
1078 1202 1142 1240 sed
1171 1202 1286 1241 distat
1313 1214 1478 1247 numero,
1514 1214 1596 1251 par
1624 1202 1753 1252 siqnis,

122 1271 244 1309 altera
264 1271 384 1310 donis.
435 1268 671 1313 Juvenc.
691 1269 748 1312 III
770 1270 856 1312 616
884 1273 1011 1311 Veniet
1027 1273 1159 1321 forsan
1179 1273 1215 1312 si
1233 1273 1339 1312 nobis
1358 1273 1463 1312 alter.
1515 1269 1755 1324 Musci0,

122 1337 316 1396 Gynaec.
337 1339 376 1382 Π
400 1340 454 1382 16
485 1353 525 1396 p.
549 1341 693 1395 76,17
728 1340 874 1395 (Rose)
909 1346 1065 1393 praeter
1103 1345 1172 1383 has
1211 1344 1309 1383 enim
1346 1355 1476 1383 causas
1505 1344 1608 1383 nulla
1637 1344 1755 1383 altera

121 1413 288 1452 inveniri
309 1416 433 1463 potest
460 1427 553 1463 quae
581 1414 814 1453 sterilitatem
846 1415 977 1463 faciat.

752 1555 803 1600 F.
826 1555 1123 1601 particulae.

241 1711 283 1740 v.
305 1697 391 1740 405
424 1710 522 1740 esse
554 1697 632 1740 sed
663 1697 822 1752 longas
835 1637 1067 1755 232¹}sz
1098 1698 1272 1741 litteras
1303 1698 1467 1755 primas
1497 1698 1648 1755 palam
1676 1699 1758 1741 est.

241 1780 282 1822 A
311 1779 535 1823 locutione
559 1783 694 1832 palam
723 1795 797 1823 esse
817 1780 982 1838 pendet
1001 1780 1073 1824 hic
1093 1781 1378 1825 accusativus
1410 1795 1510 1824 cum
1530 1781 1763 1824 infinitivo

125 1864 256 1908 quem
279 1850 442 1894 dicunt.
495 1850 635 1904 Quem
657 1866 790 1895 usum
811 1852 1064 1895 invenimus
1086 1853 1175 1895 iam
1198 1851 1317 1909 apud
1342 1851 1482 1896 Plau
1494 1854 1526 1895 t.
1548 1851 1633 1896 aul.
1657 1852 1759 1895 728.

123 1921 212 1966 mil.
228 1923 326 1965 475.
359 1922 473 1965 Ter.
497 1923 687 1966 eunuch.
707 1923 790 1966 104
813 1923 999 1980 aliisque
1021 1923 1139 1966 locis.
1171 1923 1310 1967 Plin.
1331 1938 1373 1966 n.
1394 1922 1435 1966 h.
1456 1922 1498 1965 X
1516 1924 1612 1968 193.
1644 1924 1758 1967 Tum

124 2007 230 2039 vero
261 1993 378 2037 inter
409 1995 642 2051 scriptores
674 1994 894 2037 inferioris
924 1994 1164 2038 latinitatis
1195 1994 1280 2038 hac
1317 1995 1625 2038 coniunctione
1656 2008 1756 2038 ver-

123 2064 281 2108 borum
311 2079 421 2108 usus
454 2067 524 2108 est
554 2065 650 2108 Iul.
672 2065 784 2109 Val.
810 2066 909 2119 136,
927 2066 955 2109 5
979 2069 1114 2117 palam
1143 2069 1222 2117 fait
1252 2069 1502 2108 dominatores
1521 2080 1595 2108 esse
1608 2069 1760 2117 priscos

124 2150 235 2188 reyes.
299 2137 396 2193 147,
416 2137 443 2179 6
475 2151 557 2178 cum
580 2139 717 2188 palam
746 2140 796 2179 sit
826 2153 850 2178 a
883 2140 989 2178 caede
1019 2140 1075 2178 tui
1103 2140 1360 2180 homines...
1392 2139 1493 2178 haud
1522 2140 1635 2188 facile
1666 2142 1758 2178 tem-

86 2218 87 2221 ’
118 2213 331 2260 perataros.

613 2304 875 2349 quatenus
901 2302 928 2341 i.
947 2312 988 2349 q.
1007 2302 1285 2349 quomodo.

254 2376 295 2406 v.
319 2362 433 2405 1863
466 2365 717 2419 exemplum
747 2376 928 2419 ponam,
961 2365 1070 2406 tunc
1100 2362 1186 2406 fiat
1216 2364 1439 2419 quatenus
1460 2361 1633 2416 addam,

467 2433 593 2476 nulla
619 2447 717 2477 meo
750 2432 906 2476 sedeat
936 2433 1070 2476 turba
1100 2432 1288 2490 profana
1318 2433 1426 2477 loco.

246 2517 300 2560 In
337 2531 377 2561 v.
400 2517 486 2559 687
518 2522 694 2569 quatenus
731 2517 918 2560 inservit
949 2530 1112 2559 causae
1144 2518 1279 2573 atque
1300 2515 1416 2559 idem
1439 2517 1509 2558 est
1539 2514 1656 2572 quod
1687 2531 1761 2568 qua

127 2589 171 2628 de
201 2601 325 2631 causa.
385 2587 602 2644 Inspicias
634 2588 768 2631 velim
799 2602 840 2630 v.
863 2588 948 2630 687
972 2601 1033 2644 sq.

339 2661 438 2700 hanc
466 2662 609 2701 brevem
638 2662 701 2701 sed
730 2664 814 2700 ante
844 2661 949 2700 nobis
971 2661 1242 2711 pervidendum
1271 2663 1325 2700 est
1350 2660 1533 2708 syllabam

349 2732 430 2771 Una
461 2744 664 2772 consonans
693 2735 815 2772 secuta
844 2735 1022 2782 quatenus
1051 2732 1200 2781 lonyam
1232 2734 1335 2770 creet.

251 2847 281 2901 1)
314 2851 425 2889 Conf.
458 2851 787 2896 Stolz-Schmalz,
822 2851 906 2889 Lat.
929 2851 1101 2888 Gramm.
1134 2850 1174 2888 in
1205 2850 1240 2888 J.
1262 2861 1300 2889 v.
1321 2849 1472 2894 Miiller,
1505 2849 1658 2889 Hdbch.
1690 2849 1762 2889 der

129 2909 255 2948 klass.
277 2909 789 2949 Altertumswissenschaft
818 2910 898 2948 vol.
920 2909 954 2947 11
985 2909 1035 2960 (a.
1062 2909 1173 2948 1910
1187 2906 1216 2959 ⁴)
1249 2921 1287 2958 p.
1310 2909 1393 2947 629
1427 2906 1453 2962 ξ
1477 2909 1544 2948 28.

251 2966 279 3020 ²)
314 2968 422 3007 Conf.
455 2969 544 3008 Her.
572 2969 746 3015 Rfinsch‚
791 2968 999 3009 Semasiol.
1027 2968 1210 3017 Beitrage
1232 2967 1268 3005 II
1298 2967 1428 3017 Leipz.
1450 2980 1486 3006 a.
1511 2968 1623 3007 1888
1656 2981 1693 3018 p.
1720 2969 1758 3007 3.
