1936 3366
918 295 1216 338 -12-

239 415 389 453 inventa
419 417 482 460 est,
515 414 586 453 hac
616 414 659 454 de
688 427 730 454 re
761 417 967 456 communis
986 417 1068 456 vita
1095 416 1291 466 dubitavit,
1322 421 1359 458 et
1377 422 1620 470 posteaquam
1643 420 1887 472 philosophia

231 486 429 536 processit,
469 498 574 525 nemo
615 486 728 525 aliter
760 487 1007 537 philosophus
1047 490 1170 535 sensit,
1214 490 1257 529 in
1297 502 1369 540 quo
1408 491 1517 531 modo
1547 495 1638 531 esset
1666 493 1885 534 auctoritas.

241 554 344 599 Cic.
378 554 432 598 de
463 556 556 598 nat.
590 555 704 599 deor.
725 555 777 611 II,
798 556 901 600 126:
946 559 1034 599 Iam
1073 573 1161 600 vero
1200 562 1271 601 illa
1310 562 1424 601 etiam
1464 563 1628 617 notiora,
1671 567 1808 614 quanto
1847 576 1886 605 se

239 642 351 679 opere
392 629 601 669 custodiant
636 630 782 684 bestiae,
824 633 867 669 ut
894 631 937 670 in
959 634 1075 681 pastu
1106 633 1424 683 circumspectant,
1466 637 1511 673 ut
1536 635 1579 674 in
1610 635 1791 676 cubilibus
1819 635 1884 676 de·

238 702 415 741 litiscant.
466 701 587 751 Atque
616 702 685 740 illa
715 702 921 748 mirabilia,
956 703 1052 753 quod
1082 716 1125 742 ea
1155 717 1249 754 quae
1277 718 1421 755 nuper
1451 706 1498 744 id
1518 709 1585 746 est
1595 707 1764 756 paucis
1782 709 1886 748 ante

235 773 436 812 saeculis
466 773 695 812 medicorum
723 774 883 824 inqeniis
912 778 1060 824 reperta
1089 779 1186 817 sunt.
1247 772 1362 817 Liv.
1394 773 1530 831 praef.
1562 776 1587 832 ξ
1611 776 1685 819 122
1736 782 1887 829 nuper

237 846 392 884 divitiae
431 845 640 884 avaritiam
680 848 714 884 et
753 845 981 885 abundantes
1022 846 1224 897 voluptates
1261 847 1485 888 desiderium
1508 862 1582 899 per
1612 850 1747 890 luxum
1776 853 1885 901 atque

237 917 429 956 libidinem
447 917 634 966 pereundi
645 917 899 967 perdendique
918 919 1046 957 omnia
1066 919 1259 969 invenere,-
1288 917 1366 961 ubi
1386 918 1673 962 memorabile
1693 918 1883 975 Videtur,

237 985 358 1043 quod
397 985 553 1029 Livius
592 1001 712 1039 nuper
753 985 970 1043 adhibuit,
1019 990 1071 1031 ut
1103 989 1299 1045 spatium
1331 990 1511 1033 centum
1541 988 1635 1034 fere
1667 1003 1884 1035 annorum

239 1057 517 1113 significaret.
579 1057 632 1102 Id
674 1058 792 1101 enim
834 1058 980 1102 elucet
1022 1073 1077 1102 ex
1118 1059 1191 1104 lib.
1212 1059 1411 1117 XXXIX,
1435 1062 1476 1116 6,
1501 1063 1526 1104 7
1568 1065 1747 1105 luxuriae
1785 1065 1886 1105 enim

230 1132 453 1182 pereyrinae
499 1133 604 1182 oriyo
645 1134 692 1172 ab
731 1134 895 1172 eccercitu
936 1134 1105 1174 Asiatico
1145 1135 1290 1174 invecta
1329 1135 1371 1174 in
1410 1136 1539 1175 urbem
1568 1139 1630 1176 est.
1690 1132 1884 1178 Maxime

237 1203 389 1245 autem
405 1203 654 1245 memoratu
671 1201 852 1257 dignum
862 1201 1041 1246 videtur
1056 1202 1173 1260 quod
1191 1203 1377 1259 legimus
1394 1203 1882 1261 apudLactantium,

238 1272 409 1317 saeculi
441 1273 589 1330 quarti
619 1274 816 1317 ineuntis
848 1274 1119 1331 scriptorem,
1153 1275 1239 1319 div.
1260 1276 1362 1319 inst.
1384 1276 1416 1330 Ι,
1435 1276 1462 1319 2
1485 1276 1584 1330 (vol.
1606 1276 1709 1320 XIX
1731 1277 1802 1333 74,
1825 1277 1884 1321 24

236 1346 282 1388 in
315 1344 357 1388 C.
381 1344 422 1389 S.
445 1344 492 1388 E.
516 1344 561 1388 L.
584 1344 649 1389 ed.
671 1344 873 1400 Brandt):
915 1349 1101 1388 Diximus
1141 1350 1185 1389 de
1221 1349 1298 1389 diis
1336 1350 1430 1400 ipsis
1459 1352 1525 1401 qui
1556 1351 1747 1391 coluntur:
1784 1363 1885 1391 nunc

241 1420 286 1459 de
315 1420 436 1459 sacris
465 1432 511 1459 ac
540 1420 731 1468 mysteriis
760 1433 889 1460 eorum
911 1433 1041 1470 pauca
1071 1422 1227 1461 dicenda
1247 1426 1343 1462 sunt.
1383 1425 1477 1472 aput
1498 1422 1661 1473 Cyprios
1678 1423 1884 1463 huntanam

236 1492 397 1531 hostiam
427 1491 515 1531 Iovi
551 1492 715 1532 Teucrus
744 1493 953 1531 immolavit
981 1493 1091 1543 idque
1120 1493 1352 1541 sacrificium
1374 1495 1540 1544 posteris
1572 1494 1747 1545 tradidi&
1786 1494 1884 1545 quod

233 1566 288 1603 est
325 1576 468 1613 nuper
507 1563 715 1603 Hadriano
756 1564 964 1614 imperante
1003 1565 1199 1606 sublatum.
1260 1561 1428 1606 Eodem
1469 1577 1595 1620 porro
1636 1562 1882 1608 rettulerim

236 1631 541 1676 Claudiani
581 1631 741 1688 locum,
787 1632 842 1677 ad
876 1647 1009 1691 quem
1041 1633 1298 1678 Theodorus
1330 1634 1425 1678 Birt
1454 1648 1526 1679 me
1556 1634 1737 1680 remisit.
1796 1634 1880 1679 Le-

233 1705 377 1759 gimus
411 1704 529 1747 enim
559 1704 606 1748 in
637 1703 817 1761 Eutrop.
838 1704 911 1748 lib.
933 1705 972 1748 II
1002 1720 1044 1749 v.
1066 1706 1152 1749 248
1170 1720 1262 1763 sqq.
1306 1724 1311 1729 ·

519 1779 678 1828 Nuper
707 1779 755 1818 ab
787 1778 932 1819 Oceano
966 1779 1166 1819 Gallorum
1196 1781 1381 1820 exercitus
1409 1780 1537 1831 inqens

518 1850 608 1890 Illis
637 1854 722 1890 ante
751 1863 868 1901 vayus
900 1851 1045 1891 tandem
1075 1851 1287 1902 reqionibus
1316 1840 1435 1892 ‘haesit

523 1922 715 1973 Gaesaque
745 1923 924 1972 deposuit,
962 1922 1084 1962 Graio
1114 1924 1194 1962 iam
1223 1923 1330 1963 mitis
1359 1924 1513 1972 amictu,

520 1994 601 2034 Pro
633 1994 766 2034 Rheno
789 1997 953 2044 poturus
982 1995 1130 2043 Halyn.

235 2074 332 2118 Hoc
362 2073 458 2118 loco
489 2090 647 2127 nuper
678 2075 732 2118 de
758 2075 1015 2130 longissimo
1048 2075 1195 2133 spatio
1227 2075 1421 2133 positum
1455 2078 1526 2119 est
1557 2089 1586 2119 a
1615 2074 1878 2132 Claudian03

234 2160 343 2190 nam
372 2145 488 2190 Galli
518 2147 806 2200 incursiones,
841 2146 894 2190 de
927 2146 1089 2204 quibus
1122 2147 1320 2204 scriptor,
1354 2147 1431 2204 qui
1450 2147 1612 2191 librum
1633 2146 1880 2191 secundum

234 2219 283 2262 in
303 2217 566 2275 Eutropium
598 2232 716 2262 anno
740 2219 826 2261 399
857 2232 897 2275 p.
921 2218 1016 2262 Chr.
1038 2232 1079 2262 n.
1113 2218 1375 2276 composuit,
1409 2217 1598 2274 disserit,
1632 2218 1811 2263 saeculo
1838 2232 1878 2263 a.

235 2289 330 2334 Chr.
353 2304 394 2333 n.
425 2290 558 2334 tertio
589 2288 805 2334 fecerunt.

355 2361 524 2416 Quibus
555 2360 662 2405 locis
695 2361 868 2405 collatis
900 2362 962 2405 nil
993 2362 1132 2406 habet
1162 2363 1272 2417 miri,
1307 2361 1426 2419 quod
1447 2362 1742 2406 Terentianus
1767 2376 1877 2420 quo-

235 2447 320 2490 que
362 2433 435 2478 1.1.
467 2448 586 2486 nuper
615 2431 772 2476 latiore
803 2432 888 2477 hoc
919 2447 1057 2477 sensu
1087 2434 1247 2490 posuit.
1309 2433 1362 2478 Id
1394 2435 1511 2477 certe
1542 2434 1589 2477 in
1620 2436 1774 2491 aperto
1806 2435 1878 2477 est

234 2505 317 2549 hoc
359 2503 633 2561 adverbium,
677 2504 715 2548 si
757 2504 899 2548 solum
944 2504 1155 2560 adfertur,
1198 2504 1309 2548 nihil
1350 2504 1499 2549 valere
1531 2505 1589 2549 ad
1620 2504 1878 2549 Terentiani

233 2578 430 2620 aetatem
463 2575 775 2620 definiendam.

352 2648 500 2691 Etiam
541 2647 732 2691 alterum
763 2650 1089 2703 argumentum,
1135 2648 1252 2705 quod
1285 2647 1464 2692 Schultz
1495 2646 1676 2705 profert,
1708 2646 1875 2692 nullius

232 2720 447 2763 momenti
489 2721 569 2763 est.
631 2719 709 2763 Vir
751 2718 908 2763 doctus
952 2719 1068 2763 enim
1101 2719 1214 2763 haec
1243 2719 1335 2763 fere
1368 2719 1593 2776 exposuit:
1634 2719 1872 2764 Henricum

232 2790 367 2845 Keill)
401 2791 650 2835 ostendisse
682 2790 989 2848 Aphthonium
1020 2805 1049 2834 a
1079 2790 1217 2835 Mario
1239 2790 1465 2835 Victorino
1498 2790 1744 2848 expilatum
1775 2804 1874 2835 esse

233 2863 279 2905 et
309 2862 617 2918 Aphthonium
649 2862 934 2920 descripsisse
966 2862 1284 2906 Terentianum
1316 2861 1531 2906 Maurum.
1578 2861 1687 2906 Cum
1719 2863 1870 2907 autem

353 2994 382 3046 1)
416 2996 480 3035 Gr.
503 2997 587 3035 Lat.
611 2997 691 3036 vol.
713 2997 767 3035 VI
799 3009 834 3047 p.
858 2997 948 3035 XIV
959 3009 1018 3047 sq.
