1936 3366
741 295 1035 338 -19-

197 415 466 459 Dracont.
497 415 539 469 8,
572 415 675 459 201:

362 489 442 528 Nec
467 485 474 544 Ι
500 489 568 528 hoc
596 489 680 537 fata
709 489 846 529 sinunt.
908 488 1042 527 Pudor
1071 490 1124 527 est
1153 488 1312 527 voluisse
1341 499 1480 526 nocere.

197 557 464 601 Dracont.
497 558 537 612 6,
574 557 675 601 108:

361 631 435 671 Sed
461 627 466 686 Ι
492 632 562 671 hoc
592 634 774 670 certamen
803 627 948 670 modico
979 630 1178 669 certamine
1208 633 1353 669 constet.

80 698 168 743 Sed
198 700 288 743 iam
319 699 495 743 saeculo
535 714 576 757 p.
609 699 704 743 Chr.
746 713 789 744 n.
810 699 941 742 tertio
983 712 1122 742 unum
1154 697 1406 755 exemplum
1436 697 1568 741 huius
1601 711 1710 740 usus

78 772 230 815 exstat
260 771 379 828 apud
411 769 684 814 Serenum
717 770 1137 814 Sammonicum
1167 769 1334 814 v.108:

368 845 542 894 Vipereae
564 844 676 894 pellis
706 845 864 884 cinerem
889 840 897 899 Ι
922 843 982 883 his
1010 843 1138 883 addito
1167 844 1283 882 rebus.

197 913 320 957 Haec
360 912 602 956 sufficiant.
663 912 799 956 Plura
834 912 1034 956 invenies
1066 911 1185 968 apud
1215 910 1293 954 Th.
1315 910 1516 967 Rittium,
1559 910 1635 968 qui
1664 910 1711 954 in

78 983 188 1028 libro
233 983 335 1039 „der
365 983 473 1028 Hiat
508 985 581 1027 bei
611 983 825 1027 Plautus“
860 997 900 1040 p.
926 983 1010 1026 100
1033 997 1125 1040 sqq.
1158 996 1321 1037 magna
1352 996 1453 1026 cum
1484 981 1712 1038 diligentia

78 1054 268 1099 indicem
300 1069 450 1099 eorum
481 1068 705 1110 versuum,
737 1055 785 1097 in
817 1054 979 1111 quibus
1009 1057 1034 1095 h
1065 1054 1350 1098 consonantis
1382 1052 1478 1097 loco
1499 1053 1709 1109 fungitur,

79 1127 334 1183 composuit.

199 1196 364 1250 Quodsi
405 1197 517 1241 haec
548 1198 654 1241 ante
686 1196 837 1240 oculos
869 1197 1160 1254 posuerimus,
1192 1196 1314 1239 nullo
1346 1195 1474 1240 modo
1508 1194 1711 1253 equidem

80 1268 189 1312 mihi
219 1268 484 1326 persuadere
515 1282 629 1326 queo
652 1268 969 1312 Terentianum
1000 1267 1091 1311 iam
1122 1267 1299 1311 saeculo
1333 1267 1527 1311 secundo
1557 1266 1710 1310 fuisse.

81 1339 170 1384 Sed
201 1340 386 1397 scriptor
417 1353 472 1383 ea
502 1340 709 1383 nimirum
740 1341 904 1395 aetate,
943 1339 1069 1383 cuius
1101 1338 1465 1382 consuetudinem
1497 1338 1709 1395 sequitur,

79 1410 306 1469 scripsisse
347 1410 558 1455 dicendus
596 1412 676 1455 est.
736 1413 899 1467 Itaque
929 1410 1265 1454 Lachmannum
1296 1411 1414 1453 recte
1444 1409 1710 1453 iudicavisse

80 1481 312 1526 contendo.

749 1601 931 1659 Caput
962 1603 1042 1646 III.

554 1686 641 1740 De
680 1703 724 1750 φ
762 1685 964 1740 littera
1000 1698 1242 1753 graeca.

198 1791 260 1835 Ut
291 1791 434 1835 omnis
467 1791 520 1835 de
542 1791 797 1835 Terentiani
828 1792 980 1835 aetate
1012 1791 1231 1834 dubitatio
1253 1791 1509 1844 evanescat,
1542 1789 1712 1834 accedit

81 1863 260 1918 gravius
273 1864 583 1918 argumentum
597 1862 653 1906 ad
665 1862 1025 1919 persuadendum
1035 1876 1247 1919 perquam
1258 1862 1477 1906 idoneum.
1501 1862 1711 1905 Animum

80 1933 214 1978 velim
243 1933 452 1978 intendas
483 1934 530 1977 in
559 1933 714 1989 verba,
743 1947 858 1990 quae
890 1933 1075 1990 scriptor
1094 1933 1204 1977 facit
1223 1933 1270 1976 in
1290 1933 1493 1977 versibus
1515 1934 1601 1976 842
1619 1947 1710 1989 sqq.

167 2017 260 2061 Nec
290 2018 411 2060 sinas
444 2031 587 2060 errare
618 2031 815 2073 puerum,
849 2015 1027 2073 quando
1049 2016 1315 2073 Daphnin
1347 2016 1580 2073 scripserit,

169 2088 482 2132 semivocalem
511 2088 746 2132 locandam
777 2089 963 2146 primam
993 2090 1045 2132 ut
1070 2088 1206 2131 istam
1228 2087 1330 2142 (scil.
1350 2087 1382 2138 f)
1404 2087 1648 2131 existimet:

169 2160 328 2216 quippe
358 2173 453 2213 nos,
496 2159 534 2202 si
565 2158 741 2216 quando
773 2173 979 2214 graecum
1010 2176 1044 2215 <p
1075 2173 1257 2203 necesse
1290 2161 1360 2203 est
1390 2159 1585 2217 exprimi,

167 2230 203 2273 P
235 2232 280 2273 et
310 2230 352 2273 H
383 2229 514 2273 simul
545 2229 748 2279 solemus,
782 2244 873 2274 non
903 2230 1091 2274 latinam
1122 2230 1253 2287 hanc,
1283 2243 1459 2288 ponere,

170 2302 294 2345 cuius
326 2315 354 2344 a
384 2314 544 2356 graeca
573 2300 739 2345 recedit
768 2301 880 2345 levis
912 2303 1047 2358 atque
1079 2301 1216 2345 hebes
1248 2315 1402 2346 sonus:

168 2372 540 2430 phosphoron
575 2372 956 2430 Phrygasque
997 2386 1103 2416 nam
1143 2372 1215 2416 vel
1245 2371 1608 2429 Pamphilum
1649 2372 1712 2415 sic

1469 2442 1711 2486 scribimus.

200 2526 369 2580 Quibus
399 2526 549 2570 verbis
580 2526 812 2582 diligenter
838 2526 1128 2570 consideratis
1148 2526 1427 2581 habebimus,
1459 2525 1536 2568 ubi
1555 2524 1711 2583 pedem

81 2611 171 2640 non
201 2596 311 2640 nihil
340 2597 546 2652 figamus.
605 2599 660 2642 In
693 2612 743 2641 eo
778 2598 896 2641 enim
926 2598 1096 2642 versari
1126 2596 1330 2641 videmus
1361 2597 1571 2640 metricae
1603 2597 1711 2640 artis

82 2668 350 2725 scriptorem,
383 2670 436 2711 ut
466 2668 536 2712 sui
566 2669 776 2725 temporis
809 2668 1032 2725 discipulis
1054 2667 1113 2711 ad
1132 2668 1456 2711 barbarismum
1476 2666 1710 2711 vitandum

80 2739 319 2795 praecepta
361 2739 446 2782 det.
514 2740 647 2783 Iubet
688 2739 950 2795 magistrum
991 2753 1156 2793 curare,
1201 2740 1252 2782 ut
1292 2739 1415 2796 pueri
1451 2756 1485 2794 <p
1514 2737 1712 2782 litteram

82 2822 287 2864 graecam
326 2823 404 2866 per
436 2826 468 2862 p
509 2812 555 2854 et
595 2814 620 2852 Ιι
662 2811 922 2868 exprimant.
983 2810 1048 2853 De
1091 2810 1272 2864 absusu,
1311 2823 1397 2866 quo
1440 2822 1647 2864 graecum
1677 2827 1711 2865 φ

81 2894 159 2937 per
203 2883 230 2931 f
263 2880 539 2937 exprimitur,
588 2881 725 2924 etiam
765 2881 975 2924 Marius
1016 2880 1249 2923 Plotius
1291 2879 1593 2936 Sacerdos,
1637 2882 1712 2938 qui

83 2950 260 2995 saeculo
300 2965 340 3007 p.
372 2950 467 2995 Chr.
498 2966 541 2996 n.
581 2952 713 2996 tertio
755 2951 852 3007 fuit,
893 2951 1031 2995 verba
1070 2950 1180 2995 facit
1219 2951 1265 2994 in
1296 2953 1391 2995 arte
1423 2952 1712 3006 grammatica

1427 3033 1471 3069 2.
