1936 3366
336 423 485 479 periet.
506 422 548 465 X
564 422 651 466 809
683 425 864 475 Languens
894 425 1021 464 inbelli
1050 426 1150 474 fame
1181 437 1226 464 ac
1255 425 1448 474 fatiscitis.

560 494 646 537 842
677 508 879 547 manusque
910 497 1076 536 tendebat
1103 497 1170 536 sub
1198 497 1315 536 ictum
1344 497 1520 536 malueris.

247 566 453 609 Ceterum
484 564 602 623 quod
631 564 793 620 legitur
823 565 870 608 in
900 564 1081 621 Vergilii
1113 566 1306 609 carmine
1337 564 1490 619 (Catal.
1512 564 1612 609 XIII
1629 566 1698 620 25)

650 639 759 679 Stant
788 641 830 679 in
859 640 967 679 vadis
999 652 1110 679 caeno
1140 642 1300 680 retentae
1327 640 1493 688 sordido,

245 711 364 753 recte
409 723 499 753 non
545 708 695 752 habet.
766 708 921 766 Neque
963 708 1081 752 enim
1122 722 1322 766 unquam
1352 708 1572 765 Vergilius
1609 709 1676 753 ita
1706 723 1886 753 versum

245 780 428 838 pepigit3
459 781 612 838 itaque
643 780 824 835 Birtius,
857 780 924 824 vir
952 780 1247 836 doctissimus,
1278 780 1444 838 optimo
1465 781 1559 824 iure
1580 794 1682 825 mea
1702 779 1882 838 quidem

246 853 474 896 sententia
504 851 622 909 quod
652 852 868 896 traditum
900 854 970 896 est
1000 853 1197 896 mutavit
1228 855 1276 896 et
1305 868 1483 906 caenoque
1513 858 1632 895 tentae
1663 853 1881 910 scripsit.¹)

848 984 922 1031 De
952 985 1082 1031 thesi
1114 985 1297 1031 soluta.

364 1067 435 1111 Ut
485 1068 543 1111 in
595 1068 866 1112 versibus
918 1068 1205 1125 iambicis,
1263 1069 1349 1112 ita
1398 1068 1455 1111 in
1506 1068 1877 1112 tetrametris

245 1139 568 1184 trochaicis
610 1139 990 1184 catalecticis
1028 1140 1322 1184 Terentianus
1353 1140 1504 1184 thesin
1517 1142 1547 1195 ε*3)
1579 1139 1804 1184 interdum
1834 1139 1882 1183 in

245 1212 375 1255 binas
414 1211 612 1269 syllabas
644 1216 800 1255 breves
833 1211 1038 1255 dissolvit
1069 1213 1206 1269 atque
1237 1212 1323 1255 hac
1352 1211 1396 1255 in
1430 1227 1476 1255 re
1509 1211 1729 1270 syllabam
1760 1212 1885 1255 vocis

244 1283 567 1340 paenultimam
613 1283 705 1327 ictu
746 1284 878 1327 acuit.
950 1283 1245 1328 Inveniuntur
1286 1285 1439 1327 autem
1481 1283 1591 1327 haec
1634 1283 1838 1340 exempla
1850 1284 1881 1337 ³)

244 1355 300 1398 in
331 1355 622 1399 trimetris
653 1354 949 1399 iambicis:

304 1441 345 1470 v.
358 1427 474 1470 2243
507 1426 822 1484 Aristophanis
853 1427 1010 1482 ingens
1042 1427 1179 1471 micat
1209 1427 1452 1483 sollertia,4)

304 1513 345 1543 v.
357 1499 474 1542 2956
500 1498 703 1554 gominiis
734 1500 786 1542 ut
816 1499 903 1542 iste
934 1513 1093 1543 versus
1125 1498 1331 1543 ostendet
1361 1498 1456 1554 tibi,

243 1570 300 1614 in
331 1570 702 1614 tetrametris
734 1570 1059 1614 trochaicis
1092 1571 1499 1615 catalecticis:

302 1657 343 1686 v.
355 1643 442 1686 389
475 1656 590 1700 quae
621 1642 809 1700 pedibus
841 1657 984 1700 aeque
1017 1643 1273 1686 ministrant
1303 1643 1410 1687 bina
1442 1645 1487 1686 et
1517 1643 1641 1700 ipsae
1663 1644 1877 1700 tempora.

303 1729 343 1758 v.
356 1716 442 1757 477
475 1716 688 1770 αὐέρῦσᾶν
718 1714 864 1772 inquit
894 1717 1041 1772 poeta,
1074 1715 1138 1759 sic
1168 1717 1214 1758 et
1243 1716 1377 1770 αὐτάρ
1409 1714 1602 1771 corripit:

303 1801 343 1832 v.
356 1787 443 1830 481
475 1786 556 1829 AU
586 1788 741 1830 tamen
773 1786 927 1843 capere
958 1786 1136 1830 videtur
1167 1800 1301 1843 saepe
1331 1785 1595 1843 productum
1628 1799 1800 1842 sonum,

303 1873 343 1902 v.
355 1859 443 1902 645
475 1858 657 1902 Aeolica
697 1872 806 1913 gens
844 1860 953 1902 tunc
984 1857 1239 1914 digammon
1271 1858 1460 1915 denique
1491 1857 1614 1901 illam
1646 1857 1879 1915 scriptitat,

302 1945 343 1974 v.
357 1931 443 1974 648
475 1930 684 1975 Aeolicus
715 1945 825 1974 usus
855 1928 969 1989 (ita)
1000 1930 1149 1985 vertit,
1183 1932 1229 1974 et
1260 1930 1514 1985 digammon
1546 1928 1767 1987 praeficit:

303 2017 343 2045 v.
356 2002 443 2046 649
474 2002 656 2046 Aeolica
688 2001 902 2046 dialectos
934 2004 1088 2046 autem
1119 2002 1261 2046 mixta
1290 2001 1429 2045 ferme
1462 2004 1532 2045 est
1563 2000 1717 2045 Italae.

303 2089 342 2117 v.
356 2074 443 2117 656
476 2075 522 2117 et
552 2073 673 2117 viola
703 2073 789 2117 flos
820 2076 1118 2131 nuncupatur,
1152 2087 1284 2131 quem
1316 2071 1474 2117 Graeci
1505 2075 1671 2116 vocant
1701 2075 1783 2116 ἴον;

302 2160 343 2187 v.
356 2146 443 2189 668
475 2159 582 2188 nam
612 2144 760 2189 media
790 2147 893 2203 post
924 2147 1247 2189 consonantem
1279 2158 1380 2188 cum
1411 2143 1544 2188 datur
1574 2144 1742 2188 vocalis
1773 2144 1804 2199 Ι,

302 2232 343 2260 v.
357 2218 441 2260 741
476 2219 523 2261 et
553 2217 709 2261 merito
741 2221 850 2261 tunc
882 2216 918 2270 Q
948 2216 1148 2261 locamus
1180 2217 1385 2272 exigente
1418 2215 1610 2274 syllaba:

302 2304 343 2332 v.
355 2290 442 2332 866
474 2289 754 2347 TlepolEmfis
785 2289 915 2333 Atlas
947 2288 1140 2332 solemus
1171 2288 1371 2332 invenire
1402 2288 1447 2331 in
1480 2287 1695 2333 versibus,

302 2376 343 2404 v.
357 2361 474 2405 2366
506 2360 777 2418 Demophile,
809 2361 970 2404 beatus
1002 2359 1074 2404 ille
1107 2360 1182 2418 qui
1213 2359 1365 2418 procul
1395 2360 1597 2415 negotiis.

242 2444 390 2489 Etiam
430 2446 477 2488 in
511 2460 539 2488 v
551 2459 575 2489 e
587 2459 608 2488 r
618 2459 639 2488 s
652 2459 682 2488 u
720 2459 743 2488 c
753 2444 783 2487 h
795 2458 820 2488 o
833 2445 918 2488 ria
929 2458 974 2487 m
985 2444 1012 2488 b
1025 2444 1074 2487 ic
1086 2459 1111 2488 o
1144 2458 1283 2488 unum
1315 2443 1567 2501 exemplum
1598 2443 1731 2487 huius
1763 2444 1883 2488 modi

243 2517 462 2560 habemus
493 2516 540 2560 in
571 2531 611 2559 v.
636 2516 768 2560 1903:

456 2587 551 2643 tibi,
586 2587 740 2631 similis
772 2602 854 2631 nec
886 2588 1033 2631 minus
1065 2587 1206 2631 altEra
1236 2586 1346 2645 pede
1378 2586 1678 2643 consequenti.

363 2709 394 2762 1)
428 2711 539 2750 00111.
562 2711 642 2761 ‚Th.
664 2711 761 2756 Birt,
794 2710 1018 2760 Erklarung
1048 2711 1119 2749 des
1152 2711 1392 2760 Catalepton
1424 2722 1461 2760 p.
1488 2709 1571 2748 156
1585 2722 1645 2759 sq.

363 2769 391 2819 ²)
424 2771 559 2810 thesin
590 2771 681 2809 dico
713 2770 826 2820 pedis
859 2772 1012 2820 partem
1044 2771 1215 2809 accentu
1247 2770 1409 2808 elatam.

362 2828 391 2880 ³)
426 2830 535 2869 Conf.
559 2830 712 2875 Werth,
747 2830 795 2868 de
827 2830 911 2869 Ter.
935 2832 1046 2870 metr.
1078 2832 1119 2868 et
1150 2829 1247 2868 eloc.
1281 2841 1316 2879 p.
1345 2829 1409 2867 13.

361 2887 391 2940 ⁴)
425 2890 569 2928 Confer
590 2890 711 2927 etiam
732 2890 796 2928 W.
809 2889 955 2940 Meyer,
978 2883 1082 2928 Uber
1102 2889 1166 2928 die
1188 2889 1477 2939 Beobachtung
1499 2889 1570 2928 des
1587 2888 1876 2927 Wortakzents

242 2948 283 2985 in
315 2949 384 2986 der
424 2949 559 2988 latein.
583 2949 770 2999 Sprache,
814 2949 1023 2999 Abhdlgen
1066 2949 1134 2987 der
1163 2949 1251 2998 Kgl.
1273 2949 1482 2998 Bayrisch.
1504 2948 1634 2987 Akad.
1656 2947 1726 2986 der
1752 2947 1877 2988 wiss.

242 3007 320 3046 vol.
342 3007 450 3045 XVII
482 3021 518 3047 a.
541 3008 651 3047 1886
684 3021 720 3058 p.
742 3009 837 3054 115,
884 3009 952 3059 qui
981 3009 1262 3047 Terentianum
1303 3008 1468 3047 saeculo
1509 3008 1628 3047 tertio
1670 3007 1876 3046 adscribit.
