1936 3366
926 276 1224 319 —22-

249 406 348 437 esse
389 407 525 437 unam
570 392 805 451 syllabam,
854 395 960 452 quia
1002 394 1128 439 nulla
1168 394 1346 453 syllaba
1386 396 1614 440 invenitur
1654 411 1710 441 ex
1751 397 1896 442 tribus

247 463 491 509 vocalibus.
562 463 620 509 Et
669 464 754 509 hoc
804 466 967 523 probat
1020 465 1222 523 exemplo
1269 466 1403 511 huius
1449 467 1641 512 nominis
1687 471 1895 526 Aristaeus,

248 535 366 592 quod
398 538 592 593 quatuor
623 538 693 580 est
724 535 999 595 syllabarum
1034 539 1081 581 et
1110 551 1202 582 non
1232 538 1381 595 trium,
1414 539 1521 597 quia
1541 555 1567 581 u
1587 553 1677 584 non
1697 540 1898 596 iungitur

247 607 521 665 diphthongo
556 623 612 656 ae,
646 610 699 652 ut
730 608 862 652 docet
892 609 1057 653 author
1087 610 1133 653 in
1164 608 1335 654 litera“.

367 679 537 733 Quibus
579 679 625 723 in
667 680 874 724 versibus
906 680 1204 724 Terentianus
1240 681 1424 739 prodere
1455 682 1634 726 videtur
1664 697 1777 738 esse,
1820 683 1896 741 qui

246 764 504 806 graecorum
536 751 777 795 verborum
809 752 980 795 exitum
1014 770 1106 801 -ευς
1136 753 1183 796 in
1214 752 1370 809 lingua
1398 753 1605 798 Romana
1625 768 1702 812 per
1721 754 1896 800 litteras

247 837 334 864 aezcs
355 836 436 866 suo
459 825 658 879 tempore
675 825 757 867 aut
773 823 970 867 scribant
988 827 1072 868 aut
1087 825 1392 882 pronuntient.
1440 825 1708 883 Scriptorem
1723 827 1895 883 autem,

248 894 408 951 quippe
426 893 502 951 qui
514 893 568 938 de
580 907 627 938 re
645 895 757 938 satis
773 896 884 939 nota
900 897 1037 953 atque
1053 895 1243 951 vulgata
1258 897 1397 941 verba
1406 897 1551 941 facere
1568 897 1822 953 videatur,¹)
1842 898 1898 942 iis

246 965 520 1023 temporibus
562 965 713 1022 fuisse,
757 966 919 1024 quibus
962 967 1035 1011 hic
1076 982 1186 1011 usus
1229 968 1448 1012 scribendi
1492 971 1539 1013 et
1575 968 1899 1026 pronuntiandi

247 1036 560 1093 adhibebatur,
594 1051 778 1082 necesse
810 1039 890 1082 est.
941 1039 1090 1083 Affero
1122 1038 1313 1083 Marium
1344 1040 1636 1097 Victorinum,
1669 1041 1748 1099 qui
1777 1039 1898 1085 hanc

246 1109 467 1153 rationem
513 1108 750 1165 scribendi,
805 1124 895 1168 qua
936 1110 1089 1155 littera
1136 1126 1155 1153 e
1196 1111 1427 1169 dipthongi
1466 1127 1510 1155 eu
1550 1112 1896 1170 producebatur,

246 1181 471 1225 tractavit.
491 1180 561 1224 his
593 1181 793 1237 verbis2):
833 1184 1033 1225 Consimili
1061 1186 1208 1226 ratione
1240 1182 1340 1237 (scil.
1373 1198 1463 1241 qua
1493 1185 1670 1228 veteres
1701 1184 1897 1229 Romani

248 1266 325 1296 eas
373 1252 591 1311 syllabas,
634 1253 681 1296 in
723 1254 885 1311 quibus
927 1257 944 1295 i
983 1254 1248 1312 productum
1291 1255 1538 1312 invenitur,
1580 1271 1599 1298 e
1640 1255 1895 1314 anteposito

248 1324 575 1382 scriptitabant)
607 1328 812 1378 quaeritur,
850 1329 1018 1379 Orpheus
1048 1329 1090 1369 in
1120 1332 1248 1376 metro,
1283 1333 1326 1369 ut

361 1411 457 1439 non
486 1412 554 1439 me
585 1401 904 1440 carminibus
933 1401 1115 1440 vincat
1143 1413 1230 1441 nec
1266 1401 1520 1442 Thracius
1552 1401 1780 1453 Orpheus

246 1474 374 1511 utrum
406 1471 640 1521 trisyllabum
670 1485 721 1512 an
750 1473 975 1522 disyllabum
1004 1473 1065 1516 sit,
1098 1486 1149 1513 an
1179 1473 1279 1523 idem
1307 1486 1441 1513 nomen
1470 1474 1613 1524 duplici
1642 1474 1898 1514 enuntiatione

239 1546 456 1593 promatur,
499 1546 565 1583 aut
604 1544 686 1584 sine
724 1557 750 1583 a
785 1544 923 1598 littera,
963 1548 1007 1584 ut
1045 1545 1176 1584 Peleus
1219 1545 1413 1592 Pentheus,
1456 1548 1524 1585 aut
1563 1558 1646 1585 cum
1677 1559 1718 1593 a,
1760 1549 1803 1585 ut
1841 1547 1897 1586 ita

245 1615 449 1654 declinetur
481 1615 683 1666 Orphaeus.
729 1619 771 1656 ut
801 1615 1007 1656 Aristaeus.
1077 1617 1206 1657 Visum
1245 1620 1299 1657 est
1338 1620 1459 1656 tamen
1488 1617 1557 1657 hoc
1579 1629 1690 1668 posse
1719 1617 1894 1664 discerni,

245 1690 289 1726 ut
316 1687 386 1726 an
414 1687 495 1726 sine
525 1700 550 1726 a
581 1688 706 1727 littera
734 1701 870 1739 yraeca
898 1689 951 1728 sit
968 1689 1185 1742 enuntiatio,
1212 1689 1302 1728 haec
1323 1689 1453 1742 latina,
1474 1702 1567 1739 quae
1578 1702 1653 1740 per
1672 1689 1897 1740 dipthonqon

247 1758 412 1807 effertur.
485 1755 759 1809 Quibuscum
806 1757 1027 1813 conferas,
1076 1771 1192 1815 quae
1233 1757 1399 1802 Birtius
1443 1758 1651 1816 exposuit
1695 1758 1743 1802 in
1782 1758 1897 1802 Mus·

246 1827 388 1871 Rhen.
410 1827 496 1872 vol.
511 1830 710 1874 XXXIV
733 1829 877 1884 (1879)
899 1843 998 1886 pag.
1017 1829 1090 1873 15:
1126 1829 1259 1886 „Also
1281 1843 1387 1873 man
1408 1829 1636 1888 spricht
1656 1829 1892 1885 (enuntiat)

246 1899 294 1942 in
324 1899 636 1943 metrischer
667 1900 862 1957 Sprache
895 1901 954 1954 (in
984 1903 1140 1955 metro,
1183 1901 1278 1945 also
1315 1901 1362 1944 in
1393 1900 1670 1958 prosaischer
1701 1901 1894 1959 Sprache

247 1970 513 2015 schwankte
534 1985 641 2015 man
657 1972 783 2016 nicht
799 1972 975 2027 einmal)
995 1972 1196 2029 Orpheus
1219 1972 1448 2017 entweder
1469 1973 1586 2017 ohne
1607 1987 1637 2017 a
1651 1972 1896 2029 zweisilbig

248 2041 353 2086 oder
383 2042 491 2086 aber
521 2043 604 2087 mit
635 2058 664 2087 a
695 2042 918 2099 dreisilbig
947 2044 1034 2088 wie
1055 2044 1302 2087 Aristaeus.
1353 2044 1413 2088 Es
1443 2043 1555 2089 wird
1583 2044 1757 2088 sodann
1778 2043 1895 2089 noch

247 2113 315 2158 als
346 2113 687 2159 abschliessende
719 2115 893 2159 Formel
922 2115 1226 2172 hinzugeffigt,
1259 2115 1459 2160 schreibe
1491 2130 1597 2160 man
1628 2116 1735 2160 kein
1766 2130 1807 2170 a,
1840 2130 1891 2161 so

248 2185 314 2229 sei
345 2185 440 2230 dies
471 2199 632 2240 graeca
664 2186 930 2242 enuntiatio,
971 2186 1171 2231 schreibe
1208 2201 1315 2231 man
1346 2186 1704 2244 diphthongisch,
1746 2202 1796 2232 so
1828 2187 1894 2233 sei

247 2256 392 2301 dieses
421 2256 602 2301 latina.“

367 2329 664 2373 Terentianus
706 2330 840 2385 igitur
882 2329 921 2373 si
960 2344 1008 2374 re
1052 2344 1159 2374 vera
1199 2329 1253 2374 de
1294 2331 1380 2374 hac
1410 2344 1457 2374 re
1488 2331 1716 2386 cogitavit,
1757 2344 1891 2376 nemo

248 2400 461 2445 concedet
491 2414 594 2444 eum
624 2400 804 2445 saeculo
835 2415 874 2459 p.
899 2401 995 2446 Chr.
1017 2416 1058 2446 n.
1091 2401 1230 2446 altero
1263 2402 1502 2459 scripsisse.
1562 2401 1680 2446 Nam
1711 2402 1889 2447 demum

248 2487 276 2515 a
317 2472 496 2516 saeculo
538 2473 669 2517 tertio
710 2488 780 2515 aeu
820 2487 898 2530 pro
930 2489 974 2515 eu
1005 2474 1051 2517 in
1082 2473 1304 2531 lapidibus
1337 2476 1383 2519 et
1418 2474 1466 2517 in
1498 2473 1721 2518 codicibus
1753 2487 1890 2532 saepe

247 2543 419 2599 legitur.
481 2544 553 2588 Sic
583 2544 851 2601 invenimus,
894 2546 946 2588 ut
976 2544 1195 2589 nonnulla
1226 2545 1431 2602 exempla
1462 2544 1665 2600 afferam,
1704 2547 1891 2589 Protaeus

254 2618 434 2667 Tydaeus,
457 2618 667 2666 Idomaeus,
690 2618 913 2666 Achillaeus,
937 2619 1150 2669 Basilaeus,
1171 2619 1390 2659 Laeucadii.
1445 2617 1598 2674 Neque
1623 2631 1730 2661 vero
1752 2618 1891 2662 antea

247 2686 387 2731 ullum
428 2686 562 2731 huius
604 2702 713 2731 usus
745 2690 897 2732 exstat
928 2688 1190 2746 exemplum.
1253 2690 1459 2734 Ceterum
1491 2688 1543 2733 H.
1566 2687 1844 2734 Schuchardt
1856 2690 1890 2745 ⁸)

368 2808 397 2861 1)
432 2810 543 2849 Conf.
566 2811 608 2851 Ε.
627 2811 851 2857 Seelmann,
874 2811 949 2850 Die
965 2811 1225 2861 Aussprachc
1247 2811 1318 2850 des
1335 2811 1489 2857 Latein,
1533 2811 1680 2851 Heilbr.
1711 2823 1747 2850 a..
1775 2811 1887 2851 1885

249 2880 339 2918 pag'
362 2869 496 2979 Ξῗῗέι.
517 2929 605 2969 Lat.
626 2930 680 2968 V1
713 2930 781 2976 66,
807 2930 863 2968 28
879 2931 926 2970 K.

368 2984 398 3038 ⁸)
430 2987 509 3027 Der
540 2989 802 3028 Vokalismus
835 2991 906 3029 des
938 2990 1238 3040 Vulgarlateins
1270 2989 1286 3027 1
1319 3002 1356 3040 p.
1378 2989 1477 3028 443.
