1936 3366
906 311 966 318 .-
1026 286 1200 343 36..

241 406 464 451 Lucret.
496 406 662 450 111363
705 406 751 450 et
788 404 978 459 Quint.
1009 404 1112 449 cie.
1145 406 1260 462 poet.
1292 404 1339 448 in
1377 403 1544 449 anthol.
1574 404 1671 450 Lat.
1694 404 1884 461 642,15‚

242 479 423 536 saepius
452 478 681 522 invenitur
710 478 757 521 in
787 476 994 520 inferiore
1025 475 1267 520 latinitate.
1327 475 1534 532 Legimus
1566 476 1685 520 enim
1715 477 1887 529 fulqidus

241 549 362 607 apud
401 549 603 593 Arnob.
635 549 752 593 1158
795 551 941 591 obtunsi
978 551 1068 591 haec
1109 550 1273 599 luminis,
1314 550 1498 589 acutioris
1536 550 1603 589 illa
1645 553 1683 590 et
1718 549 1888 600 fulqidae

243 623 460 664 claritatis?
511 619 683 665 Solin.
715 621 784 676 37,
801 621 859 664 20
889 623 983 665 solis
1008 635 1155 673 yemma
1168 621 1407 672 percandida
1427 624 1481 661 est
1499 621 1550 661 ad
1568 621 1726 671 speciem
1745 619 1888 671 fulqidi

240 696 386 736 sideris.
423 692 522 738 Iul.
539 692 720 738 Valer.
746 693 844 747 164,
866 692 919 735 13
937 691 1015 746 (ed.
1031 690 1208 746 Kfibler)
1225 693 1415 743 fulqidum
1429 693 1587 743 ylobum.
1618 688 1887 734 Prudent.

243 764 358 808 cath.
390 764 409 807 I
440 766 467 808 9
509 767 603 807 Post
639 767 729 807 solis
759 769 883 806 ortum
912 766 1062 816 fulgidi.
1125 762 1166 805 V
1189 763 1274 805 129
1305 777 1380 804 non
1410 764 1508 804 sicut
1537 765 1702 804 tenebras
1731 763 1777 804 de
1805 765 1889 813 face

239 839 399 890 fulyida.

360 908 522 952 Forma
553 907 859 966 comparativa
891 908 1044 951 exstat
1075 905 1195 964 apud
1229 906 1467 961 August.
1500 918 1629 949 serm.
1660 905 1762 961 384,
1782 905 1806 948 1
1840 906 1887 948 et

243 979 362 1037 apud
393 979 524 1024 Ven.
545 979 692 1024 Fort.
725 994 855 1024 carm.
889 992 1006 1036 spur.
1038 978 1085 1021 in
1117 976 1294 1022 laudem
1320 976 1515 1021 Sanctae
1536 976 1703 1020 Mariae
1735 990 1779 1021 v.
1799 976 1885 1020 351

243 1058 354 1109 (pag.
376 1052 464 1096 380
497 1051 565 1097 ed.-
594 1052 741 1107 Leo).¹)

448 1192 451 1195 Ι
481 1235 523 1264 v.
544 1220 631 1263 309
663 1219 787 1263 labili
817 1232 950 1263 versu
981 1156 1206 1261 irliliiiisssret
1235 1217 1460 1260 inretusos
1492 1215 1652 1259 exitus.

363 1303 458 1357 Quo
479 1304 614 1348 verbo
635 1305 826 1347 utuntur
847 1301 1049 1346 Arnob.
1071 1301 1128 1345 ad
1149 1302 1242 1345 nat.
1258 1302 1282 1345 I
1298 1300 1355 1343 29
1379 1302 1431 1357 (p.
1451 1299 1587 1355 19‚19
1610 1297 1675 1344 ed.
1696 1297 1905 1342 Reiffer-.

244 1375 428 1431 scheidt)
462 1372 545 1418 cum
575 1379 652 1418 sint
679 1378 807 1417 labiles
836 1377 1073 1426 solubilesque
1103 1378 1256 1416 natura.
1313 1371 1364 1427 H,
1382 1372 1440 1415 45
1473 1373 1525 1428 (Ρ.
1548 1370 1618 1427 83,
1636 1370 1707 1425 27)
1738 1373 1890 1413 animas

244 1482 253 1493 .
275 1483 284 1492 .
307 1482 316 1492 .
347 1452 387 1491 in
429 1451 508 1490 vita
544 1450 682 1491 labiles,
742 1447 794 1502 II,
812 1447 869 1490 50
902 1448 954 1503 (p.
977 1444 1136 1501 87,19)
1169 1446 1403 1496 apertissime
1439 1446 1588 1484 animas
1617 1456 1691 1484 esse
1719 1444 1891 1484 indicant

243 1524 370 1563 labiles
400 1526 435 1562 et
462 1522 684 1570 infimitate
713 1525 748 1561 et
766 1521 817 1561 ad
847 1520 941 1560 vitia
955 1520 1154 1570 proclives.
1201 1515 1259 1570 H,
1277 1515 1334 1559 53
1367 1520 1420 1572 (Ρ.
1442 1514 1513 1570 89,
1532 1514 1602 1568 27)
1633 1516 1782 1556 animas
1813 1545 1822 1555 .
1845 1545 1855 1555 .
1876 1544 1887 1556 .

236 1607 453 1645 parvarum
483 1598 518 1634 et
542 1594 717 1636 labilium
737 1593 890 1633 virium.
941 1589 993 1645 II,
1011 1589 1068 1632 59
1093 1590 1144 1645 (p.
1162 1588 1233 1644 94,
1252 1587 1323 1642 22)
1345 1591 1485 1629 natura
1505 1600 1565 1628 res
1585 1588 1720 1627 labilis.
1772 1583 1842 1639 IH,
1859 1584 1886 1628 8

242 1664 296 1722 (Ρ.
320 1665 419 1719 117,
437 1665 478 1718 5)
511 1678 712 1716 corporum
743 1677 802 1705 res
832 1664 974 1704 caduca
1003 1666 1038 1702 et
1068 1662 1205 1702 labilis.
1257 1658 1328 1714 III,
1349 1658 1403 1701 12
1438 1660 1490 1715 (Ρ.
1510 1657 1697 1712 120,11)
1728 1659 1890 1698 mortale

242 1750 318 1779 esse
357 1738 599 1780 arbitramur
639 1741 674 1777 et
709 1737 828 1776 labile.
894 1732 983 1789 VH,
1002 1733 1029 1775 4
1063 1734 1116 1789 (Ρ.
1138 1731 1239 1786 240,
1257 1731 1298 1785 9)
1339 1731 1548 1772 dulcedinis
1587 1730 1711 1770 labilis
1739 1729 1891 1770 volucri

244 1811 457 1850 titillatione
486 1810 652 1849 mulceri.
713 1806 878 1849 Amm.
909 1802 1161 1848 Marcell.
1194 1803 1264 1857 27,
1290 1801 1430 1856 10,11
1462 1815 1537 1853 per
1577 1802 1724 1842 labilem
1755 1801 1890 1841 limum

243 1883 398 1922 incitato
428 1882 591 1921 iumento
622 1881 818 1931 digressus
881 1876 912 1920 G
925 1890 985 1920 as
998 1875 1082 1919 sio
1096 1873 1134 1918 d.
1158 1888 1250 1918 var.
1270 1873 1309 1916 H
1326 1873 1353 1916 3
1386 1875 1446 1914 cui
1476 1874 1600 1914 labilis
1628 1874 1784 1922 fortuna
1813 1884 1889 1913 non

243 1956 413 2005 imperat.

246 2135 287 2164 v.
306 2119 421 2163 1439
439 2118 633 2176 optimus
649 2131 728 2175 pes
746 2118 793 2160 et
808 2053 1415 2169 melodisslsszillfzerminibus)
1434 2112 1481 2154 et
1496 2108 1692 2167 pedestri
1707 2107 1887 2165 gloriae.

365 2201 643 2247 Vocabulum
665 2203 829 2243 melodus
849 2199 875 2243 i.
888 2213 926 2255 q.
947 2195 1284 2255 „gesangreich“
1304 2194 1531 2239 invenitur
1545 2191 1665 2251 apud
1681 2192 1721 2236 A
1732 2206 1763 2235 u
1773 2205 1795 2236 s
1807 2205 1834 2236 o
1845 2205 1888 2236 n.

246 2274 430 2334 profess.
463 2274 532 2328 15,
551 2274 578 2316 8
621 2278 654 2315 te
690 2274 919 2325 fabulantem
948 2284 1023 2311 non
1064 2271 1191 2311 Ulixes
1222 2270 1411 2320 linqueret,
1445 2268 1583 2318 Liquit
1608 2269 1784 2315 camus,
1824 2265 1892 2316 qui

245 2350 410 2390 melodas
448 2348 612 2398 virqines
654 2345 692 2399 (i.
715 2357 750 2387 e.
782 2343 974 2396 sirenes).
1035 2338 1195 2384 Prud.
1228 2338 1343 2383 cath.
1372 2336 1446 2394 IX,
1465 2338 1492 2380 2
1523 2339 1646 2378 Dulce
1675 2349 1824 2384 carmen
1853 2339 1891 2376 et

246 2422 442 2470 melodum,
472 2423 572 2471 qesta
604 2418 746 2458 Christi
776 2416 950 2467 insiynia.
1009 2411 1196 2455 Sidon.
1228 2408 1408 2468 Apoll.
1442 2423 1507 2466 ep.
1539 2406 1599 2451 IX
1617 2407 1672 2450 15
1703 2408 1890 2450 Proculus

246 2493 402 2533 melodis
430 2492 605 2532 insonare
627 2489 811 2540 pulsibus.

961 2599 1172 2629 morosus.

279 2672 317 2701 v.
339 2657 426 2701 319
460 2687 759 2700 ........
792 2652 871 2696 sed
903 2665 1081 2695 morosa
1110 2648 1300 2693 intentio

460 2730 555 2771 tam
586 2726 752 2781 legenti
784 2723 917 2768 debet
949 2737 1064 2777 esse,
1097 2734 1233 2779 quam
1262 2719 1351 2763 fuit
1380 2717 1509 2762 nobis
1541 2729 1731 2774 quoque,

250 2814 290 2843 v.
313 2800 428 2843 2819
460 2799 555 2842 Iam
586 2797 743 2842 divisio
777 2796 938 2853 quarta
967 2807 1059 2838 non
1091 2805 1268 2837 morosa

462 2870 640 2927 qualem
672 2868 948 2924 suggerimus
981 2868 1134 2910 tomen
1163 2862 1357 2908 habebit.

369 2991 398 3045 1)
433 2993 543 3032 Conf.
565 2992 657 3032 Her.
679 2991 854 3036 Rbnsch‚
878 2989 984 3028 Itala
1013 2987 1098 3026 und
1119 2986 1307 3036 Vulgata,
1340 2984 1492 3033 Marbg.
1510 2995 1547 3022 a.
1571 2981 1681 3022 1875
1696 2978 1714 3004 ⁹
1733 2991 1771 3031 p.
1790 2979 1887 3021 141.
