1936 3366
776 250 1069 293 -23-

103 369 292 427 plurima
316 369 538 413 vocabula
558 368 746 424 collegit,
778 369 824 412 in
845 368 1005 425 quibus
1027 366 1297 424 dipthongus
1318 382 1363 409 eu
1381 380 1458 424 per
1477 382 1546 408 aea
1567 366 1733 424 scripta

104 444 184 485 est.
244 441 482 484 Praeterea
522 440 600 484 Th.
632 440 725 484 Birt
764 439 981 483 nonnulla
1021 438 1225 496 exempla
1264 437 1400 482 affert
1438 438 1485 481 in
1516 436 1727 494 opusculo

106 512 300 569 „Sprach
339 526 446 556 man
487 525 645 555 avrum
681 511 786 555 oder
815 524 973 554 aurum
984 510 1033 554 ‘?“
1097 510 1207 554 Mus.
1238 509 1377 553 Rhen.
1409 507 1548 566 suppl.
1580 508 1636 552 52
1679 510 1732 562 (a.

106 584 235 639 1897)
268 597 308 640 p.
333 583 387 627 13
419 583 531 627 haec
562 583 802 626 disserens:
837 582 951 639 „Der
970 581 1178 626 ltaliener
1207 581 1373 639 spricht
1402 581 1539 624 heute
1559 578 1736 637 Europa

101 655 193 698 fast
222 653 445 710 viersilbig
475 653 542 698 als
563 653 789 711 E-u-ropa
818 654 901 698 mit
929 653 1158 707 richtigem
1179 652 1376 696 dunklen
1395 667 1433 695 u.
1483 651 1622 695 Dafiir
1643 650 1728 694 dass

103 725 196 769 dies
227 726 345 769 auch
375 726 511 770 sehon
543 725 605 769 im
636 725 758 769 alten
789 725 948 769 echten
974 723 1280 779 Vulgarlatein
1312 723 1382 767 die
1413 723 1588 767 fibliche
1610 723 1727 765 Aus-

102 797 287 854 sprache
318 811 426 851 war,
459 797 554 852 gibt
585 797 654 840 die
676 796 950 851 Schreibung
980 795 1147 840 mittels
1168 811 1238 837 aea
1258 795 1459 850 Zeugnis,
1492 794 1562 838 die
1584 793 1727 849 gewiss

102 868 188 912 seit
218 868 318 912 dem
348 869 387 912 3.
409 867 560 912 Jahrh.
586 882 628 912 n.
652 868 747 912 Chr.
779 867 927 911 fiblich
958 866 1126 912 wurde:
1157 867 1229 911 ich
1259 867 1402 910 meine
1433 865 1502 910 die
1533 868 1729 916 Protaeus,

107 942 288 991 Tydaeus,
311 942 508 981 Idomaeus
529 939 606 983 der
627 938 1121 994 Vergilhandschriften,
1144 937 1213 981 die
1235 952 1318 982 aus
1341 936 1595 981 bewusstem
1617 950 1727 980 usus

102 1011 440 1066 hervorgingen3
471 1046 481 1054 .
503 1044 513 1053 .
536 1044 545 1054 .
606 1010 686 1053 Die
716 1010 1022 1065 Erscheinung
1056 1009 1318 1054 wiederholt
1348 1009 1441 1052 sich
1471 1009 1519 1051 in
1549 1008 1729 1052 solchen

103 1082 432 1136 Schreibungen
474 1082 559 1126 wie
595 1084 834 1134 Aeatropias,
866 1084 1074 1133 Aeatychis,
1106 1083 1316 1123 Laeacadii
1346 1114 1355 1123 .
1387 1115 1397 1124 .
1429 1115 1438 1124 .
1499 1078 1638 1134 Sogar
1668 1079 1730 1121 im

103 1153 300 1197 Vokativ
330 1154 454 1196 steht
476 1155 650 1206 orphaea
674 1153 802 1208 Verg.
824 1152 979 1207 Georg,
1001 1152 1062 1195 IV
1082 1153 1170 1195 494
1201 1152 1293 1195 cod.
1315 1151 1365 1196 R.
1416 1151 1497 1194 Die
1518 1150 1731 1194 Diharese

101 1224 256 1268 ,wurde
298 1223 629 1280 durchgeffihrt3
671 1238 777 1268 man
806 1225 976 1268 konnte
1006 1224 1130 1267 nicht
1161 1222 1332 1267 anders.
1396 1225 1586 1274 orphaeus
1618 1220 1729 1266 wird

103 1296 175 1338 bei
214 1294 365 1340 diesen
406 1294 765 1339 Grammatikern
807 1296 888 1339 mit
923 1298 1118 1337 Aristaeus
1156 1294 1482 1350 gleichgesetzt,
1524 1293 1617 1336 und
1657 1291 1734 1336 der

101 1366 243 1410 Name
283 1367 345 1410 ist
374 1366 598 1424 Daktylus
634 1367 721 1411 wie
753 1366 829 1410 der
859 1366 937 1410 des
967 1370 1191 1420 Matthaeus,
1225 1364 1310 1409 den
1341 1365 1480 1408 sehon
1510 1364 1729 1408 Iuvencus

103 1451 258 1493 evang.
280 1437 416 1496 praef.
437 1453 477 1482 v.
497 1440 520 1481 1
553 1437 941 1493 folgendermassen
971 1437 1099 1481 misst:

362 1513 551 1552 Mattheus
580 1509 778 1553 instituit
807 1510 1025 1553 virtutum
1055 1509 1234 1553 tramite
1262 1508 1442 1551 mores.“

102 1581 302 1638 Denique
339 1595 609 1638 quamquam
645 1581 939 1625 Terentianus
974 1594 1136 1624 nomen
1171 1582 1366 1622 Aristaeus
1402 1578 1546 1622 solum
1582 1578 1726 1632 affert,

108 1652 227 1709 quod
257 1654 468 1709 quattuor
499 1652 770 1710 syllabarum
803 1666 902 1696 esse
934 1654 1125 1706 constat,
1156 1665 1300 1708 neque
1331 1651 1385 1694 de
1405 1649 1583 1707 reliquis
1603 1649 1735 1706 quale

104 1726 174 1767 est
191 1726 357 1776 Orpheus
376 1723 503 1781 plura
522 1723 699 1781 profert,
721 1726 875 1767 tamen
896 1722 1099 1781 equidem
1120 1737 1223 1766 eum
1243 1722 1421 1766 omnino
1444 1722 1498 1765 de
1515 1721 1732 1778 scriptura

101 1811 170 1837 aea
210 1809 288 1852 pro
329 1811 371 1837 ea
409 1794 650 1853 dipthongo
681 1796 727 1838 in
760 1795 939 1840 Graecis
969 1794 1117 1838 verbis
1147 1796 1326 1851 recepta
1356 1793 1574 1848 cogitasse
1605 1794 1727 1850 puto,

103 1867 363 1923 praesertim
394 1881 495 1910 cum
515 1866 681 1910 Marius
703 1867 968 1922 Victorinus,
1002 1866 1077 1923 qui
1098 1865 1351 1910 Terentiani
1376 1864 1496 1908 libris
1518 1878 1628 1907 usus
1649 1866 1731 1918 est,

102 1952 192 1997 uno
222 1939 375 1982 tenore
408 1941 576 1991 Orpheus
606 1941 653 1982 et
682 1941 878 1980 Aristaeus
908 1938 1230 1981 commemoret.

222 2009 308 2053 Sed
337 2009 422 2053 hoc
452 2011 763 2065 argumentum
794 2010 944 2064 magni
973 2009 1186 2052 momenti
1216 2022 1307 2051 non
1338 2021 1436 2051 esse
1458 2009 1593 2063 atque
1616 2006 1726 2049 adeo

103 2081 149 2124 in
190 2081 515 2126 dubitationem
556 2082 707 2125 vocari
746 2095 876 2138 posse
919 2079 1109 2124 concedo
1149 2081 1382 2137 propterea
1429 2079 1533 2135 quia
1565 2080 1733 2129 Orpheus

103 2167 267 2197 nomen
297 2167 386 2197 non
417 2152 625 2196 adfertur.
676 2152 846 2196 Tamen
877 2152 959 2196 hoc
989 2152 1250 2207 argumento
1281 2150 1483 2205 neglecto
1508 2148 1662 2192 iisdem
1684 2149 1731 2191 in

105 2225 307 2268 versibus
333 2224 500 2281 aliquid
519 2225 667 2267 inesse
688 2223 1014 2279 demonstrabo,
1047 2222 1165 2279 quod
1186 2222 1244 2266 ad
1259 2220 1516 2265 Terentiani
1536 2222 1732 2264 aetatem

104 2295 403 2339 definiendam
423 2295 735 2351 gravissimum
757 2298 838 2338 est.
883 2295 1042 2349 Agitur
1063 2296 1214 2338 autem
1235 2293 1444 2350 imprimis
1462 2291 1515 2335 de
1531 2291 1732 2335 versibus

104 2366 355 2410 490-493:

245 2438 362 2481 hanc
403 2438 506 2492 (scil.
538 2452 595 2481 eu
627 2437 930 2494 dipthongum)
968 2436 1085 2481 enim
1116 2436 1154 2480 si
1184 2435 1508 2493 protrahamus,
1551 2435 1590 2476 A

388 2509 579 2564 sonabit,
610 2509 647 2552 Ε
679 2511 725 2553 et
754 2508 804 2564 U,

246 2579 467 2638 syllabam
497 2594 579 2624 nec
609 2580 861 2624 invenimus
894 2594 950 2623 ex
979 2579 1121 2622 tribus
1151 2577 1392 2622 vocalibus

246 2651 318 2695 Sic
347 2652 680 2695 Aristaeum
711 2653 922 2694 notamus
953 2652 1164 2708 quattuor
1193 2663 1271 2706 per
1301 2647 1511 2705 syllabas,

248 2721 364 2778 quod
395 2722 479 2766 sibi
510 2722 780 2779 dipthongus
811 2722 889 2764 ΑΕ
918 2722 1008 2765 iam
1039 2721 1219 2764 tertiam
1251 2719 1353 2771 (scil.
1374 2718 1587 2773 vocalem)

388 2807 478 2837 non
508 2794 654 2850 iungit
683 2793 733 2836 U.

223 2864 379 2921 Itaque
420 2865 737 2908 Terentianum
778 2878 830 2908 eo
872 2863 991 2921 quod
1027 2862 1144 2917 dicit,
1189 2863 1227 2905 si
1257 2878 1300 2904 eu
1332 2861 1601 2918 dipthongus
1630 2875 1730 2919 pro-

105 2935 322 2990 trahatur,
363 2950 432 2977 aea
462 2936 599 2991 nasci,
642 2951 686 2977 ae
716 2935 1007 2992 dipthongum
1038 2948 1115 2992 pro
1146 2950 1165 2975 e
1195 2933 1338 2978 vocali
1367 2933 1501 2988 longa
1529 2933 1730 2990 posuisse
