1936 3366
924 282 1224 325 -50-

256 415 298 444 v.
321 401 436 443 1411
469 414 566 444 cum
601 400 783 444 brevem
814 400 1001 458 primam
1031 400 1199 445 locabis
1235 402 1280 445 et
1312 400 1425 445 duas
1456 401 1614 458 longas
1646 401 1760 446 dein.

257 487 299 516 v.
322 472 436 515 1478
469 485 570 515 cum
601 472 743 528 prima
774 472 935 527 brevis,
967 472 1103 528 longa
1134 472 1249 527 dein,
1284 473 1419 516 tertia
1449 473 1593 529 longa.

255 557 297 587 v.
319 544 435 587 2153
467 542 722 599 admiscere,
756 541 857 587 dein
889 545 1048 601 quater
1078 543 1239 588 addere
1273 543 1495 602 dactylon.

255 629 297 658 v.
319 615 435 658 2978
467 613 570 658 dein
602 613 836 658 dimetrum
869 614 1056 659 collocat
1087 629 1348 673 commaque
1380 615 1658 674 dactylicum.
1711 620 1718 627 ‘

254 701 295 729 v.
347 686 434 730 430
466 704 498 736 ε,
531 685 688 730 deinde
720 689 836 741 ἰῶτα,
869 700 1030 741 graeca
1060 686 1178 744 quod
1210 686 1510 744 diphthongos
1541 705 1576 731 ει
1607 689 1751 732 sonat.

255 773 296 802 v.
351 758 436 801 708
469 757 564 815 qui
594 758 713 813 facit,
755 772 992 815 quorum
1030 757 1203 813 deinde,
1247 773 1352 803 mox
1384 759 1620 816 quibus,
1663 772 1827 816 quos,
1868 773 1897 803 a

474 829 694 886 quibus,

254 915 297 946 v.
348 901 433 944 861
466 915 660 958 namque
691 901 740 956 B,
772 901 816 957 G,
849 901 901 955 G,
935 902 1094 946 deinde
1124 901 1174 957 P,
1206 902 1372 960 priores
1403 916 1580 960 ponere.

255 987 296 1016 v.
322 973 436 1017 1503
468 974 518 1016 at
548 973 623 1030 qui
654 973 864 1018 brevibus
895 974 1159 1031 praepositis
1191 973 1350 1017 deinde
1379 974 1550 1030 longas.

252 1058 293 1088 v.
319 1045 434 1088 1601
465 1046 569 1102 post
598 1043 703 1088 huic
734 1043 893 1088 deinde
926 1046 1098 1102 quanta
1129 1059 1364 1103 compages
1395 1059 1548 1089 novos.

252 1130 294 1160 v.
346 1116 431 1159 207
465 1130 769 1173 quascumque
800 1115 1008 1174 deinceps
1039 1116 1180 1161 libeat
1209 1118 1362 1172 iugare
1395 1118 1573 1172 voces.¹)

371 1182 479 1231 Hae¹
501 1187 746 1245 particulae
788 1187 979 1231 diductis
1023 1188 1209 1246 syllabis
1250 1188 1524 1246 temporibus
1566 1189 1763 1246 antiquis
1803 1202 1894 1233 non

253 1261 437 1303 exstant
475 1273 622 1316 neque
662 1259 710 1302 in
751 1273 889 1303 aurea
931 1273 1046 1317 quae
1087 1261 1276 1304 vocatur
1314 1259 1559 1316 latinitate;
1603 1259 1895 1304 inveniuntur

251 1330 562 1375 tantummodo
602 1331 847 1389 particulae
880 1334 1001 1384 proin
1034 1334 1081 1375 et
1111 1334 1242 1374 dehinc
1272 1330 1496 1375 distractis
1527 1331 1726 1390 syllabis,
1768 1331 1894 1376 velut

252 1403 370 1460 apud
386 1402 565 1458 Vergil.
588 1402 726 1447 Gatal.
749 1417 782 1446 c.
804 1402 844 1446 II
854 1417 894 1459 a,
915 1404 983 1447 16.
1047 1403 1201 1459 Georg.
1223 1404 1263 1458 3,
1284 1404 1414 1458 1673)

371 1474 604 1518 Dihaeresi
645 1477 795 1518 autem
838 1474 885 1518 in
927 1474 1155 1532 particulis
1186 1478 1282 1524 dein,
1331 1478 1473 1527 deinde,
1518 1478 1688 1528 deinceps
1717 1477 1895 1532 praeter

251 1546 571 1590 Terentianum
593 1560 684 1590 non
705 1546 792 1590 nisi
813 1547 1047 1604 scriptores
1070 1546 1324 1604 posterioris
1347 1547 1513 1591 aetatis
1534 1547 1605 1590 usi
1626 1548 1750 1591 sunt:
1782 1545 1892 1605 opt.

250 1617 394 1661 Porf.
427 1632 557 1662 carm.
591 1618 738 1672 26,15
769 1621 825 1661 sic
854 1621 994 1661 deinde.
1056 1618 1218 1662 Prud.
1242 1617 1390 1670 ditt.1,
1409 1620 1431 1661 1
1476 1621 1565 1660 Eva
1610 1621 1778 1661 columba
1816 1621 1897 1671 fuit

251 1696 337 1732 tnnc
374 1692 547 1739 candida,
590 1693 702 1743 niqra
743 1692 886 1735 deinde.
947 1689 1102 1735 Paul.
1131 1689 1252 1733 Nol.
1285 1704 1416 1734 carm.
1438 1691 1507 1745 27,
1524 1691 1581 1734 45
1612 1696 1722 1743 utque
1750 1693 1890 1733 deinde.

250 1761 437 1805 Sidon.
469 1761 652 1818 Apoll.
675 1775 805 1805 carm.
827 1763 868 1817 9,
887 1763 973 1805 272
1006 1764 1137 1804 deinde
1158 1776 1256 1804 casu.
1304 1761 1459 1820 Cypr.
1482 1761 1623 1807 Gall.
1645 1761 1772 1806 exod.
1803 1762 1890 1806 336

248 1836 337 1875 haec
377 1836 509 1875 deinde
547 1838 646 1875 mein
684 1837 784 1886 reqis
811 1839 985 1887 poscente
1019 1839 1208 1876 necantur.
1271 1834 1357 1877 428
1389 1836 1572 1876 Pauleum
1601 1836 1734 1876 deinde
1755 1839 1892 1887 petunt

249 1908 312 1947 eui
353 1907 536 1958 Maqdala
577 1909 692 1947 tellus.
765 1905 959 1963 Symm.
1005 1906 1128 1949 anth.
1160 1906 1260 1962 934,
1283 1906 1337 1948 14
1381 1908 1479 1958 reyii
1522 1907 1663 1947 deinde.
1734 1904 1891 1949 Confer

248 1976 385 2020 etiam
417 1975 688 2020 Commod.
721 1977 833 2034 apol.
856 1978 943 2020 248
977 1979 1153 2030 penderet
1185 1979 1227 2018 in
1269 1980 1379 2030 liqna
1424 1979 1528 2027 fieret
1567 1979 1712 2019 deserta
1741 1979 1888 2033 deinde;

246 2048 370 2092 instr.
396 2049 434 2103 1,
455 2049 525 2103 29,
544 2049 571 2092 5
605 2054 635 2091 te
665 2052 730 2101 qui
758 2052 974 2091 nescientem
1000 2051 1166 2102 protulit
1192 2051 1324 2091 deinde
1352 2049 1558 2102 nutrivit.⁸)

365 2179 535 2223 Dehinc
565 2182 849 2224 transeamus
877 2180 936 2223 ad
956 2179 1090 2235 aliud,
1124 2179 1240 2237 quod
1261 2180 1475 2223 memoria
1496 2179 1678 2235 dignum
1698 2179 1887 2224 videtur.

246 2250 480 2306 Agendum
513 2253 666 2295 autem
699 2254 769 2295 est
795 2251 850 2295 de
870 2251 1006 2295 verbo
1029 2256 1156 2307 ἰῶτα,
1190 2252 1315 2295 cuius
1337 2251 1355 2294 Ι
1375 2251 1571 2295 litteram
1593 2251 1887 2296 Terentianus

246 2337 323 2380 pro
355 2325 630 2367 consonante
662 2323 812 2380 posuit
842 2323 912 2366 his
942 2322 990 2366 in
1020 2322 1241 2367 versibus:

369 2444 398 2496 ¹)
433 2445 488 2486 Cf.
510 2445 664 2491 Werth,
698 2446 756 2483 De
787 2446 872 2484 Ter.
895 2447 1005 2485 metr.
1027 2448 1068 2484 et
1098 2445 1195 2484 eloe.
1228 2457 1265 2495 p.
1289 2446 1356 2485 22.

369 2503 398 2554 ²)
431 2505 489 2543 Of.
519 2505 589 2543 Th.
622 2505 724 2550 Birt,
778 2505 1053 2554 Jugendverse
1104 2506 1187 2543 und
1238 2504 1537 2554 Heimatpoesie
1587 2504 1756 2553 Vergils,
1810 2504 1884 2543 Er-

248 2565 420 2614 klarung
466 2565 537 2603 des
585 2564 837 2615 Catalepton‚
885 2565 1016 2614 LeipZ.
1042 2565 1154 2603 1910
1197 2577 1233 2614 p.
1257 2565 1312 2603 35
1354 2565 1446 2603 adn.
1479 2564 1627 2608 G.11a,
1649 2564 1725 2603 16:
1780 2563 1884 2611 „Be-

248 2624 579 2662 merkenswerter
623 2624 679 2663 ist
723 2624 798 2662 das
845 2625 1093 2674 zweisilbige
1138 2624 1264 2674 proin.
1340 2624 1546 2672 Derartige
1588 2623 1749 2663 W6rter
1792 2635 1883 2663 ver-

249 2684 405 2723 meiden
437 2686 556 2722 sonst
586 2684 650 2722 die
682 2684 998 2733 vorsichtigeren
1020 2684 1184 2722 Dichter
1205 2684 1301 2722 oder
1321 2685 1379 2722 sie
1402 2683 1627 2732 erzwingen
1649 2682 1879 2734 Synhizese,

248 2754 295 2781 so
326 2743 368 2780 in
401 2743 554 2788 deinde.
599 2743 691 2781 dein
724 2773 732 2782 .
765 2772 773 2782 .
806 2773 815 2782 .
844 2747 848 2749 “
878 2744 990 2782 Doch
1020 2743 1107 2782 lasst
1137 2743 1223 2782 sich
1254 2742 1329 2781 das
1361 2742 1589 2791 dreisilbige
1621 2742 1787 2793 proinde
1817 2742 1882 2781 bei

248 2802 400 2841 Seneca
440 2803 587 2841 Phoen.
620 2803 705 2841 458
747 2803 998 2852 vergleichen
1037 2832 1045 2841 .
1078 2832 1086 2841 .
1118 2815 1145 2848 .;
1188 2802 1376 2852 flbrigens
1423 2802 1692 2851 zweisilbiges
1738 2801 1881 2841 dehinc

248 2861 378 2911 Georg
409 2862 474 2907 ΙΙΙ,
498 2862 598 2908 167;
639 2863 737 2902 Aen.
761 2863 798 2908 3,
833 2862 937 2914 4643
979 2863 1018 2907 5,
1049 2862 1145 2901 722.
1217 2862 1391 2900 Hiervon
1432 2861 1608 2900 handeln
1648 2861 1880 2900 Lachmann

247 2920 363 2959 Lukr.
387 2921 424 2959 S.
442 2921 536 2962 148.
572 2922 613 2960 L.
630 2922 770 2960 Muller
792 2922 830 2960 S.
844 2922 946 2967 317;
969 2923 1065 2960 aber
1085 2922 1144 2960 sie
1166 2921 1389 2970 ignorieren
1412 2921 1530 2959 dabei
1551 2932 1696 2959 unsere
1716 2920 1874 2960 stenen*

365 2977 393 3029 ⁸)
427 2980 482 3018 Cf.
505 2981 620 3019 Thes.
643 2981 689 3026 V,
709 2982 794 3020 406
827 2984 867 3020 et
897 2981 1026 3019 Ferdii
1057 2981 1203 3019 Handii
1233 2980 1501 3019 Tursellinum
1533 2993 1565 3019 s.
1588 2993 1624 3019 v.
1650 2979 1789 3019 deinde.
