1936 3366
719 318 1015 360 —13-

47 437 212 481 Marius
233 437 485 482 Victorinus
517 450 628 494 opus
660 449 792 480 suum
814 437 919 479 ante
941 450 1110 480 annum
1131 435 1218 479 350
1240 434 1502 492 scripsisset,
1537 435 1686 477 statu-

47 507 211 552 endum
242 522 340 551 6336
372 507 491 551 intra
512 507 836 565 quinquaginta
857 521 999 550 6111103
1021 508 1067 550 et
1087 506 1393 564 Aphthonium
1416 505 1686 549 Terentiano

47 581 94 623 et
132 579 321 623 Marium
351 579 628 623 Victorinum
659 578 912 636 Aphthonio
954 593 1087 622 usum
1119 592 1228 622 esse.
1290 576 1416 631 Quod
1446 576 1686 620 verisimile

45 665 135 695 non
177 664 289 706 esse,
331 651 590 708 praesertim
633 664 733 694 cum
774 650 1051 705 grammatici
1088 649 1253 694 saeculi
1284 663 1323 706 p.
1347 649 1443 693 Chr.
1464 662 1506 691 n.
1539 647 1688 705 quarti

47 722 308 779 scriptorum
340 722 505 765 saeculi
535 721 663 779 primi
684 723 729 765 et
756 720 938 764 secundi
960 735 1093 778 opera
1114 721 1360 765 exscribere
1383 721 1686 764 consuessent.

47 792 128 836 His
150 794 378 851 perpensis
400 793 544 836 maius
565 793 776 850 temporis
798 793 993 850 spatium
1024 793 1295 836 intercedere
1326 790 1551 849 probabile
1574 803 1687 834 esse.

48 863 135 908 Sed
175 879 266 908 non
306 865 373 907 ita
414 866 534 908 certa
575 866 645 907 est
674 864 787 907 haec
818 864 1023 921 suspicio,
1062 866 1115 907 ut
1145 863 1365 907 dubitatio
1397 862 1579 906 exclusa
1611 862 1688 916 sit;

47 949 192 992 neque
231 935 348 979 enim
378 935 478 993 plus
511 949 645 993 quam
677 935 1001 992 quinquaginta
1032 949 1175 978 annos
1205 934 1476 979 intercedere
1508 934 1688 977 omnino

47 1020 229 1051 necesse
260 1007 356 1050 fuit.

166 1078 300 1122 Porro
323 1077 502 1122 Schultz
524 1078 939 1122 Terentianum
969 1092 1082 1122 non
1113 1079 1245 1135 post
1265 1078 1465 1121 Iubam
1498 1076 1687 1133 scrip-

50 1150 200 1193 sisse
232 1149 460 1194 contendit
489 1151 724 1207 propterea
755 1150 860 1207 quia
884 1150 1035 1205 Iubae,
1069 1163 1201 1207 quem
1232 1149 1315 1192 sub
1346 1149 1485 1192 finem
1517 1146 1687 1191 saeculi

51 1221 236 1265 secundi
274 1220 411 1265 fuisse
453 1234 554 1264 cum
594 1221 788 1264 Luciano
830 1220 1049 1276 Mueller1)
1082 1222 1246 1276 censet,
1286 1220 1407 1264 nullo
1439 1219 1575 1264 verbo
1606 1233 1687 1261 us-

49 1306 184 1350 quam
205 1293 476 1336 mentionem
497 1291 687 1336 fecisset.
728 1292 840 1336 Iuba
861 1294 991 1348 enim,
1025 1293 1101 1350 qui
1121 1292 1380 1336 Annianum
1402 1293 1448 1335 et
1469 1291 1686 1335 Serenum

48 1365 206 1421 poetas
247 1363 441 1408 fortasse
484 1364 738 1420 cognovit,²)
778 1367 949 1406 insistens
988 1367 1193 1406 Heliodori
1231 1367 1394 1416 vestiyiis
1425 1362 1544 1417 (Mar.
1571 1361 1686 1405 Vict.

50 1434 120 1479 Gr.
141 1434 239 1479 Lat.
260 1434 321 1478 VI
350 1450 390 1493 p.
413 1436 483 1491 94,
513 1437 552 1487 7)
584 1436 873 1492 posteriorem
904 1450 1019 1492 (11166
1050 1442 1238 1479 vocatur
1268 1437 1410 1479 artem
1441 1434 1687 1489 metricam,

51 1521 140 1563 qua
161 1506 311 1550 omnia
330 1508 474 1550 metra
495 1521 551 1550 ex
571 1507 725 1563 paucis
747 1507 995 1565 prototypis
1018 1506 1349 1561 derivabantur,
1383 1505 1440 1549 ad
1458 1505 1689 1549 Romanos

51 1577 326 1632 transtulit.⁸)
359 1577 654 1621 Terentianus
687 1580 840 1622 autem
871 1578 987 1622 hanc
1009 1579 1206 1622 scholam
1226 1592 1317 1621 non
1338 1578 1567 1632 memorat,
1600 1590 1690 1632 qua

51 1663 108 1692 ex
146 1663 193 1692 re
237 1650 303 1692 vir
333 1648 489 1693 doctus
522 1649 744 1693 concludit
774 1664 877 1693 eum
908 1664 997 1694 non
1029 1652 1131 1707 post
1161 1650 1317 1693 Iubam
1348 1650 1374 1694 i.
1397 1663 1432 1693 e.
1464 1662 1554 1692 non
1585 1649 1688 1705 post

52 1719 279 1764 saeculum
311 1720 500 1764 alterum
530 1721 666 1764 libros
697 1736 803 1765 suos
835 1722 1158 1778 conscripsisse.
1206 1721 1294 1765 Sed
1324 1733 1613 1778 praepropere
1645 1717 1690 1761 id

52 1790 310 1848 contendit,
343 1806 488 1849 neque
530 1793 648 1836 enim
689 1793 846 1837 Iubam
886 1792 1063 1837 saeculo
1107 1792 1302 1836 secundo
1343 1793 1480 1835 fuisse
1522 1792 1690 1834 certum

53 1865 134 1908 est.
196 1863 383 1907 Constat
423 1864 567 1907 solum
597 1864 869 1919 Annianum,
913 1863 1042 1908 Gellii
1073 1865 1318 1921 aequalem,
1361 1863 1502 1907 Iubae
1532 1864 1689 1906 notum

51 1935 236 1989 11113364)
296 1935 450 1991 Neque
493 1935 612 1979 enim
652 1936 735 1980 viri
776 1936 893 1980 docti
924 1935 1173 1992 defuerunt,
1217 1935 1293 1992 qui
1322 1935 1480 1978 Iubam
1511 1932 1690 1977 saeculo

52 2021 92 2063 p.
114 2005 209 2050 Chr.
231 2020 273 2049 11.
303 2007 435 2050 tertio
476 2006 815 2051 adscribendum
857 2021 956 2051 esse
999 2007 1256 2063 statuerint3
1299 2021 1385 2064 quo
1426 2006 1474 2049 in
1503 2018 1690 2049 numero

53 2079 161 2121 sunt
200 2077 252 2121 H.
274 2077 517 2133 Wentze1⁵>
561 2079 608 2122 et
639 2078 686 2122 O.
707 2079 906 2135 Hense,⁶)
947 2079 1022 2136 qui
1052 2079 1189 2122 Iubae
1222 2078 1363 2122 aetati
1404 2076 1686 2121 definiendae

54 2148 247 2192 maxime
289 2163 466 2206 operam
508 2150 736 2194 dederunt.
799 2150 921 2203 Quae
963 2151 1002 2194 si
1033 2151 1131 2207 quis
1162 2149 1453 2207 perpenderit,
1495 2149 1540 2192 id
1572 2149 1690 2191 certe

55 2219 266 2264 concedet
298 2222 465 2264 certum
497 2235 554 2264 116
584 2221 669 2265 1106
699 2222 878 2278 quidem
910 2236 1008 2265 esse
1041 2223 1364 2277 argumentum.

174 2290 343 2344 Quibus
376 2292 580 2336 omnibus
613 2292 900 2336 consideratis
924 2293 1135 2337 Schultzii
1166 2294 1431 2347 argumenta
1460 2291 1592 2334 nimis
1620 2291 1689 2333 in-

56 2363 178 2405 certa
218 2376 317 2406 esse
357 2362 589 2407 fatendum
631 2366 701 2407 est
740 2378 885 2421 neque
928 2378 1011 2408 nos
1054 2367 1230 2420 cogunt,
1278 2367 1330 2407 ut
1370 2362 1688 2406 Terentianum

56 2433 233 2477 saeculo
265 2433 406 2478 altero
438 2435 664 2492 scripsisse
697 2435 1021 2480 concludamus.

173 2504 326 2561 Neque
352 2505 643 2550 Alfredum
665 2507 852 2551 Werth
882 2506 928 2550 id
958 2507 1198 2564 praeteriit,
1232 2507 1307 2564 qui
1338 2506 1542 2550 omnibus
1575 2518 1692 2561 quae

176 2649 206 2701 1)
237 2651 339 2690 Mus.
361 2651 485 2690 Rhen.
506 2653 585 2691 vol.
607 2653 713 2690 XXV
745 2666 781 2703 p.
806 2653 902 2692 342.

177 2707 207 2760 2)
240 2710 350 2749 Conf.
372 2711 419 2750 H.
441 2711 541 2757 Keil,
576 2712 640 2750 Gr.
663 2713 749 2750 Lat.
772 2712 824 2750 VI
855 2725 892 2762 p.
917 2713 1012 2751 583.
1047 2713 1143 2751 618.

178 2766 207 2819 ³)
242 2769 297 2810 cf.
319 2770 378 2808 Fr.
399 2770 491 2816 Leo,
526 2771 654 2810 Herm.
676 2772 756 2810 vol.
778 2772 868 2809 XIV
900 2771 948 2823 (a.
976 2772 1101 2821 1889)
1134 2784 1169 2821 p.
1195 2771 1279 2810 280
1298 2783 1384 2821 sqq.

178 2826 209 2876 ⁴)
241 2828 352 2867 Conf.
383 2829 425 2868 L.
446 2830 623 2876 Mueller,
667 2831 788 2869 Rutil.
820 2831 1102 2870 Namatianus.
1163 2831 1322 2880 Lipsiae
1355 2842 1391 2867 a.
1418 2829 1528 2868 1870
1561 2841 1598 2879 p.
1619 2828 1689 2867 40.

178 2885 207 2937 5)
241 2887 454 2937 Symbolae
486 2890 658 2928 criticae.
718 2890 992 2929 Vratislaviae
1025 2903 1060 2928 a.
1086 2890 1199 2929 1858
1231 2902 1268 2939 p.
1296 2889 1360 2928 17.

123 2944 298 3057 Ῑὸἓὸῗὴ
344 2947 444 3044 1115116
489 2947 719 2999 artigrapho
768 2948 822 3000 (in
866 2950 953 2988 Act.
997 2950 1134 2988 societ.
1177 2949 1313 2998 philol.
1351 2948 1458 2998 Lips.
1499 2950 1595 2986 tom.
1637 2947 1693 2984 IV

61 3018 96 3044 a.
281 3018 318 3055 p.
430 3036 438 3045 .
