1936 3366
916 277 1214 321 „10-

241 397 423 452 wiesen,
465 396 550 441 dass
592 396 889 440 Terentianus
931 396 1053 441 einer
1093 410 1143 440 so
1175 399 1336 454 spaten
1367 396 1464 441 Zeit
1493 395 1729 453 angehore,
1772 395 1884 441 wie-

243 469 363 513 wohl
393 483 500 513 man
531 469 729 524 zugeben
761 467 878 524 muss,
912 467 998 511 dass
1026 468 1143 512 auch
1164 468 1234 512 die
1255 469 1674 524 entgegengesetzte
1694 467 1886 512 Ansicht

242 542 287 584 in
328 541 445 585 ihrer
484 539 858 595 Beweisffihrung
896 540 1013 584 noch
1042 539 1192 584 Vieles
1223 554 1278 583 zu
1309 539 1558 584 wiinschen
1587 539 1716 595 fibrig
1744 538 1881 584 lant&

363 612 472 656 Post
493 611 734 655 Studerum
757 610 1093 655 Gerhardus
1115 611 1354 656 Schultz
1379 612 1427 655 in
1447 611 1639 655 Hermae
1660 609 1885 655 vol.XXII

244 684 387 739 (1887)
419 698 458 741 p.
482 683 568 727 275
586 697 678 741 sqq.
709 682 987 727 Lachmanni
1027 683 1224 741 opinioni
1260 683 1436 728 obstitit
1476 685 1613 741 atque
1653 681 1881 727 nonnullis

243 755 516 811 argumentis
558 754 707 799 allatis
748 755 1067 799 Terentianum
1108 755 1287 799 saeculo
1324 770 1365 813 p.
1387 754 1482 799 Chr.
1504 769 1546 798 n.
1577 753 1773 799 secundo
1814 755 1886 799 at-

243 825 529 870 tribuendum
570 841 669 870 esse
715 827 800 870 sibi
840 828 1072 884 persuasit.
1135 827 1223 871 Sed
1260 840 1544 885 quamquam,
1577 839 1884 884 quaecumque

243 898 429 955 protulit
457 897 531 942 ille
552 898 620 943 vir
651 898 821 954 doctUS,
854 899 993 956 primo
1026 899 1189 943 obtutu
1211 899 1268 942 ab
1300 899 1420 943 omni
1441 898 1720 942 dubitatione
1740 910 1888 942 vacua

243 969 382 1014 videri
423 969 554 1014 facile
597 970 802 1027 concedo,
844 972 1012 1027 tamen,
1057 971 1095 1014 si
1136 971 1388 1015 accuratius
1418 970 1742 1029 perquisiveris,
1785 982 1888 1014 eum

244 1042 391 1085 causis
432 1055 523 1086 non
563 1042 699 1085 firmis
742 1056 873 1086 usum
916 1056 1014 1086 esse
1045 1043 1288 1098 intelleges.
1351 1041 1527 1087 Scilicet
1556 1042 1647 1086 iam
1676 1040 1885 1086 Alfredus

244 1113 414 1170 Werth,
468 1127 568 1157 cum
620 1112 674 1157 de
722 1113 934 1158 Schultzii
984 1115 1211 1158 sententia
1261 1114 1454 1169 referret,
1508 1127 1610 1158 eum
1660 1112 1886 1158 interdum

244 1185 519 1241 argumentis
549 1186 730 1229 incertis
760 1186 845 1230 niti
875 1187 994 1230 recte
1025 1186 1243 1241 monuit.²)
1296 1185 1344 1229 Id
1377 1200 1486 1230 sane
1508 1186 1576 1229 vir
1607 1185 1765 1230 doctus
1787 1185 1887 1229 sine

245 1256 377 1301 dubio
419 1256 618 1301 ostendit
657 1259 816 1315 poetas
857 1257 1057 1302 novellos
1092 1257 1271 1302 saeculo
1303 1272 1343 1315 p.
1366 1257 1461 1301 Chr.
1483 1272 1525 1302 n.
1557 1256 1697 1301 altero
1729 1256 1885 1312 fuisse,

245 1342 518 1386 quamquam
542 1329 589 1371 in
611 1329 689 1384 eis,
722 1343 837 1386 quae
859 1330 1076 1387 exposuit,
1108 1330 1177 1373 bis
1199 1329 1374 1373 erravit.
1425 1329 1566 1373 Putat
1587 1329 1705 1373 enim
1724 1331 1890 1372 novellus

245 1400 364 1458 quod
386 1399 505 1458 apud
526 1400 845 1445 Terentianum
865 1401 1052 1457 legimus
1075 1404 1130 1456 (v.
1155 1401 1268 1445 1919
1286 1415 1348 1458 sq.
1380 1415 1421 1444 v.
1443 1400 1572 1445 2240.
1603 1415 1645 1446 v.
1667 1401 1783 1446 2528
1796 1402 1888 1458 sq.)‚

245 1473 354 1516 artis
400 1471 670 1516 vocabulum
718 1487 817 1517 esse
864 1475 911 1517 et
950 1476 1107 1531 poetas
1148 1477 1308 1517 novellos
1359 1488 1456 1518 esse
1509 1488 1599 1530 eos,
1652 1474 1728 1532 qui
1767 1471 1889 1532 apud

245 1544 506 1588 Diomedem
547 1543 631 1599 (Gr.
663 1545 801 1589 Lat.I
832 1546 932 1603 514,
951 1546 1020 1590 23.
1051 1546 1152 1602 516,
1171 1547 1239 1590 24.
1271 1547 1372 1602 517,
1395 1546 1436 1602 3)
1473 1549 1651 1588 neoterici
1679 1545 1888 1590 nomiua-

245 1618 410 1661 rentur.
452 1616 579 1670 Quod
609 1617 773 1660 falsum
805 1618 885 1661 est.
928 1620 1146 1660 Neotericns
1177 1632 1268 1662 non
1299 1617 1487 1662 eandem
1519 1617 1888 1673 significationem

246 1688 384 1732 habet
425 1702 479 1732 ac
519 1693 693 1732 novellus.
767 1689 884 1733 Nam
923 1690 1040 1733 inter
1076 1690 1311 1747 scriptores
1350 1693 1552 1733 neotericos
1602 1704 1631 1734 a
1670 1689 1883 1734 Diomede

246 1760 470 1804 habentur
511 1763 672 1818 poetae
715 1760 881 1805 saeculi
917 1776 957 1819 p.
980 1761 1075 1805 Chr.
1096 1776 1138 1805 n.
1171 1762 1311 1820 primi,
1353 1764 1514 1819 poetae
1557 1761 1739 1819 quidam
1778 1775 1890 1820 quos

246 1846 337 1876 non
358 1832 579 1888 novimus,
602 1834 694 1877 tres
716 1832 890 1877 solutae
912 1833 1126 1877 orationis
1147 1834 1391 1891 scriptores.
1427 1833 1667 1878 Praeterea
1686 1835 1891 1876 neotericus

247 1918 334 1947 non
368 1905 439 1948 est
469 1905 579 1948 artis
610 1903 891 1961 vocabulum,
925 1905 1005 1949 sed
1036 1906 1256 1961 significat
1285 1905 1404 1962 quod
1435 1919 1518 1949 nos
1548 1903 1679 1949 hodie
1701 1903 1888 1948 dicimus

251 1975 628 2033 „nachklassisch,
661 1976 887 2031 modern“,
919 1976 994 2020 vel
1024 1977 1063 2020 si
1093 1977 1469 2035 vituperationem
1499 1977 1648 2020 Inesse
1679 1975 1888 2020 volumus

251 2047 672 2104 „epigonenhaft“.²)
724 2048 895 2092 Deinde
917 2048 1098 2092 Schultz
1129 2062 1219 2093 non
1250 2050 1369 2093 recte
1401 2048 1536 2093 affert
1558 2047 1720 2092 Gellii
1740 2047 1886 2092 locum

246 2120 363 2163 XIII
379 2119 449 2175 27,
463 2120 508 2163 3:
529 2122 601 2162 Sed
621 2123 682 2162 illi
696 2123 901 2162 Homerico
923 2119 1026 2174 (scil.
1042 2123 1180 2175 versui)
1202 2136 1276 2163 non
1291 2135 1379 2163 sane
1393 2136 1435 2162 re
1448 2135 1586 2173 parem
1599 2135 1713 2174 neque
1726 2122 1888 2162 similem

246 2194 355 2243 feeit:
400 2206 474 2234 esse
514 2195 611 2234 enim
651 2195 798 2234 videtur
828 2195 991 2234 Homeri
1029 2195 1238 2244 simplicior
1277 2199 1312 2234 et
1344 2195 1540 2241 sincerior,
1581 2194 1737 2246 Vergilii
1765 2197 1888 2234 autem

247 2265 607 2319 νεωτερικώτερος
627 2269 663 2305 et
679 2267 840 2316 quodam
861 2267 969 2316 quasi
990 2267 1197 2315 ferrumine
1215 2267 1383 2316 fucatior
1404 2269 1450 2308 et
1470 2263 1680 2308 auctioris
1698 2263 1728 2307 S
1740 2262 1891 2308 ervii

249 2334 316 2378 ad
347 2334 477 2379 Aen.
498 2334 600 2378 VIII
622 2335 705 2379 731
740 2335 1075 2380 adnotationem
1107 2350 1131 2379 e
1162 2335 1305 2380 Probo
1337 2337 1585 2393 sumptam:
1608 2338 1713 2378 -hunc
1741 2349 1890 2377 versum

246 2412 379 2448 notant
394 2409 520 2449 critici
533 2410 642 2459 quasi
655 2410 843 2459 superfluo
855 2410 898 2463 (?)
916 2414 952 2449 et
965 2411 1159 2450 humiliter
1173 2410 1343 2449 additum
1357 2422 1424 2449 nec
1439 2410 1692 2449 convenienter
1704 2397 1888 2460 qravitati

249 2482 337 2527 eius,
380 2494 538 2531 namque
577 2484 631 2520 est
667 2482 787 2532 maqis
825 2483 1039 2522 neotericus.
1102 2479 1271 2533 Quibus
1301 2478 1409 2523 locis
1440 2492 1518 2535 pro
1550 2477 1743 2522 testibus
1773 2491 1885 2521 usus

249 2550 317 2592 vir
358 2550 516 2594 doctus
561 2553 715 2594 censet
753 2549 856 2594 inde
889 2550 946 2594 ab
978 2564 1097 2595 anno
1129 2550 1175 2595 L.
1197 2565 1237 2608 p.
1260 2550 1355 2594 Chr.
1377 2565 1418 2593 n.
1450 2564 1592 2607 usque
1624 2549 1682 2593 ad
1713 2562 1884 2593 annum

251 2621 318 2664 CL
358 2621 498 2666 fuisse
541 2624 711 2666 sectam
741 2624 988 2679 poetarum,
1032 2636 1219 2680 quorum
1250 2622 1398 2679 capita
1428 2620 1622 2665 fuissent
1651 2620 1888 2664 Annianus

252 2695 298 2736 et
339 2693 531 2738 Serenus
574 2695 620 2738 et
660 2693 736 2751 qui
777 2708 805 2737 a
845 2692 994 2738 studio
1035 2696 1202 2736 novandi
1241 2694 1401 2750 poetae
1443 2695 1621 2734 neoterici
1649 2690 1722 2736 vel
1751 2694 1889 2735 novelli

371 2862 400 2914 1)
434 2865 492 2903 De
523 2866 609 2905 Ter.
632 2877 814 2905 sermone
846 2867 887 2904 et
918 2867 1052 2904 aetate
1084 2877 1121 2915 p.
1145 2865 1229 2904 297
1248 2876 1335 2915 sqq.

372 2921 401 2974 ⁹)
435 2925 523 2971 Qua
564 2925 612 2963 de
654 2937 694 2963 re
737 2925 873 2964 confer
904 2925 994 2964 Joh.
1015 2924 1118 2963 Kurt
1138 2924 1326 2974 Wagner,
1367 2923 1634 2970 Quaestiones
1666 2922 1892 2962 neotericae

252 2982 446 3032 imprimis
477 2984 528 3021 ad
559 2985 785 3023 Ausonium
816 2985 1075 3036 pertinentes,
1107 2984 1267 3035 Lipsiae
1299 2996 1336 3023 a.
1363 2983 1472 3022 1907
1506 2996 1543 3034 p.
1567 2985 1591 3023 7
1610 2995 1670 3034 sq.
