1936 3366
915 279 1214 322 .-15—

243 398 516 457 syllabarum
548 411 784 442 mensuras
805 411 885 441 eas
907 411 1020 452 esse,
1053 399 1106 440 ut
1125 398 1227 454 post
1248 395 1304 441 M.
1326 396 1558 440 Aurelium
1578 396 1890 454 imperatorem

243 470 541 514 Terentianus
572 469 707 513 libros
736 468 1038 526 composuisse
1061 467 1311 512 censendus
1333 468 1405 524 sit,
1439 481 1495 511 ex
1515 466 1584 511 his
1607 466 1890 512 collectaneis

243 556 455 600 apparere
486 543 607 599 pute.
660 540 785 594 Quae
818 540 1047 584 sententia
1077 553 1134 583 ne
1165 538 1201 582 Ο
1223 538 1403 597 quidem
1424 538 1593 583 vocalis
1615 538 1890 596 correptione

243 626 388 672 neque
429 613 650 657 mensuris
689 615 778 655 huic
809 613 890 655 aut
921 620 994 661 cui,
1038 611 1143 655 licet
1172 610 1329 654 Mfiller
1363 610 1557 666 „ultimis
1587 609 1887 668 temporibus“

243 686 307 730 ita
353 699 487 730 voces
535 684 773 728 distractas
822 697 922 728 esse
970 682 1226 739 contendat,
1278 682 1545 737 infringitur.
1621 681 1793 726 Tamen
1838 683 1890 726 ut

244 759 414 801 certum
453 757 633 814 tempus
675 770 699 800 e
736 756 890 799 metris
922 755 1241 810 enuclearetur,
1283 756 1391 798 ante
1422 753 1541 811 quod
1572 753 1891 798 Terentianum

243 829 449 873 floruisse
480 827 732 886 putandum
764 829 898 883 esset,
932 841 1078 884 neque
1110 826 1295 882 contigit
1327 840 1473 884 neque
1504 827 1613 883 puto
1646 825 1888 880 continget,

244 901 455 958 quoniam
497 900 633 944 etiam
676 902 779 957 post
810 900 1012 943 carmina
1042 899 1235 942 maxime
1266 897 1497 941 incondita
1528 896 1618 941 alia
1646 910 1800 941 rursus
1831 895 1890 941 ad

245 973 510 1030 optimorum
550 973 784 1029 poetarum
825 970 946 1026 leges
993 969 1188 1028 expolita
1220 971 1337 1013 sunt.
1399 968 1556 1026 Neque
1588 969 1706 1013 enim
1737 969 1890 1012 aetate

243 1045 419 1101 longius
452 1044 622 1088 distant
655 1043 964 1087 Sammonicus
996 1044 1043 1086 et
1074 1041 1430 1096 CommodianuS,
1464 1042 1514 1084 at
1544 1054 1680 1098 quam
1711 1038 1892 1084 diversa

244 1119 352 1175 sunt
381 1115 561 1160 metra.“

362 1187 513 1232 Paene
555 1186 750 1231 absurda
790 1186 899 1230 mihi
939 1185 1149 1230 videntur
1189 1199 1289 1229 esse
1331 1198 1447 1242 quae
1478 1182 1639 1228 Werth
1668 1183 1716 1227 in
1747 1182 1892 1227 altera

243 1260 377 1303 huius
409 1250 798 1304 commentationis
829 1259 955 1315 parte
989 1257 1044 1301 de
1065 1257 1314 1301 elocutione
1335 1256 1513 1314 profert.
1565 1254 1750 1311 Collegit
1771 1255 1890 1299 enim

244 1332 460 1376 sermonis
491 1331 604 1375 vitia
625 1330 883 1374 Terentiani
914 1331 960 1374 et
989 1329 1232 1373 insolenter
1264 1330 1400 1385 atque
1431 1326 1655 1371 interdum
1685 1324 1892 1370 inaudita

243 1403 424 1448 licentia
454 1402 677 1448 vocabula
708 1402 766 1446 ab
799 1416 850 1446 eo
884 1401 1102 1445 collocata
1133 1414 1232 1444 esse
1263 1399 1479 1444 concedit.
1541 1398 1630 1442 Sed
1660 1397 1705 1442 id
1735 1399 1890 1456 poste-

243 1476 368 1519 rioris
410 1475 575 1519 aetatis
616 1474 828 1518 indicium
871 1487 970 1517 esse
1013 1487 1105 1516 non
1145 1474 1278 1530 putat
1319 1486 1402 1516 nec
1444 1470 1531 1515 nisi
1571 1470 1891 1514 Terentianum

244 1547 330 1591 hoc
348 1547 458 1592 vitio
491 1546 703 1604 aequales
733 1546 760 1590 i.
783 1560 819 1589 e.
851 1545 1086 1602 scriptores
1118 1543 1286 1588 saeculi
1317 1542 1502 1588 secundi
1532 1555 1741 1600 superare
1772 1539 1890 1586 dicit.

244 1618 463 1663 Perversa
494 1632 584 1675 qua
604 1618 900 1661 Terentianus
931 1617 1074 1661 utitur
1104 1615 1335 1660 collocatio
1362 1613 1694 1673 particularum,
1725 1626 1890 1671 prono-

245 1691 428 1745 minum,
462 1689 773 1734 adverbiorum
791 1688 987 1736 indicare
1010 1688 1051 1732 ei
1071 1687 1249 1732 videtur
1270 1687 1527 1744 scriptorem
1548 1685 1726 1730 saeculo
1748 1683 1891 1729 altero

246 1761 486 1819 scripsisse,
528 1761 705 1805 etiamsi
734 1761 829 1818 ipse
861 1759 1118 1815 Arnobium,
1161 1759 1237 1817 qui
1281 1757 1462 1802 easdem
1498 1757 1721 1801 interdum
1752 1754 1890 1800 collo-

247 1835 445 1878 cationes
462 1833 698 1878 verborum
713 1832 865 1887 habet,
889 1845 1024 1889 saepe
1046 1832 1093 1874 in
1110 1831 1486 1887 comparationem
1502 1831 1647 1874 vocat.
1688 1827 1891 1885 Denique

245 1907 291 1949 in
331 1906 419 1949 fine
459 1905 594 1949 libelli
625 1904 862 1948 Werthius
893 1903 940 1947 in
972 1917 1024 1947 eo
1060 1905 1141 1958 est,
1185 1906 1237 1946 ut
1267 1901 1508 1946 nonnullas
1540 1900 1755 1945 sermonis
1785 1913 1890 1957 pro-

245 1977 459 2034 prietates
491 1978 733 2030 enumeret,
767 1989 881 2033 quas
913 1974 1039 2018 solus
1071 1974 1254 2018 exhibet
1284 1973 1593 2017 Terentianus.

366 2048 536 2102 Quibus
580 2047 786 2092 omnibus
823 2047 1050 2104 perpensis
1082 2046 1202 2090 viros
1235 2044 1388 2089 doctos
1418 2046 1522 2101 post
1551 2043 1891 2087 Lachmannum

245 2120 417 2165 idoneis
433 2120 707 2176 argumentis
724 2119 998 2163 sententiam
1016 2118 1354 2162 confirmavisse
1371 2130 1498 2172 nego.
1544 2117 1705 2173 Itaque
1722 2113 1781 2158 ad
1795 2127 1889 2158 rem

247 2191 510 2236 accedamus
553 2192 698 2248 sitque
730 2190 814 2234 hoc
856 2204 1006 2233 meum
1039 2189 1252 2244 officium,
1294 2191 1347 2232 ut
1379 2188 1417 2231 si
1447 2188 1546 2231 fieri
1575 2188 1727 2245 potest
1756 2185 1891 2230 firma

246 2263 430 2308 tandem
461 2265 596 2320 atque
629 2262 780 2306 valida
810 2263 1075 2317 argumenta
1104 2275 1359 2319 proponam.

942 2476 1013 2520 Ca
1063 2477 1127 2520 ut
1147 2475 1196 2519 H.

247 2563 640 2619 Terentianus
665 2562 926 2617 litteram
954 2562 991 2615 h
1019 2490 1411 2615 gonsonantis
1434 2559 1569 2613 loco
1597 2555 1889 2612 adhibuit.

366 2681 610 2726 Videamus
630 2694 750 2724 nunc
770 2680 817 2723 in
833 2678 1091 2723 Terentiani
1105 2677 1227 2722 libris
1243 2690 1467 2736 quaenam
1482 2676 1623 2719 insint
1638 2677 1889 2733 temporum

247 2753 420 2797 indicia.
477 2753 626 2811 Atque
657 2752 848 2809 primum
879 2750 933 2794 de
963 2754 987 2793 h
1017 2751 1167 2795 littera
1198 2749 1329 2793 nobis
1364 2747 1501 2792 verba
1531 2745 1739 2791 facienda
1769 2747 1887 2790 sunt.

247 2824 542 2868 Inveniuntur
569 2825 687 2868 enim
717 2823 764 2867 in
795 2822 1036 2880 exemplari
1058 2821 1262 2866 editionis
1283 2820 1451 2878 primae
1482 2817 1686 2863 nonnulli
1715 2831 1888 2872 versus,

248 2896 295 2938 in
336 2895 497 2953 quibus
539 2896 723 2953 scriptor
763 2895 923 2939 breves
966 2894 1012 2937 in
1055 2894 1376 2938 consonantem
1423 2892 1640 2935 exeuntes
1672 2888 1888 2948 syllabas»,

250 2980 361 3023 quas
394 2967 592 3023 sequitur
621 2970 657 3023 h,
690 2965 909 3024 produxit.
971 2965 1185 3023 Inspicias
1218 2963 1353 3009 velim
1386 2963 1467 3008 hos
1499 2975 1675 3007 versus:
