1936 3366
777 262 1072 305 ...39-

108 378 359 423 vocandum
390 381 460 423 est
491 379 761 424 adiectivum
787 383 975 436 tribrevis,
1007 379 1125 437 quod
1145 380 1331 436 legimus
1353 380 1471 438 apud
1492 380 1650 424 Diom
1665 380 1741 425 ed.

107 450 128 493 I
148 451 248 505 479,
269 452 293 493 1
325 450 383 507 K;
424 453 561 509 atque
603 451 739 495 etiam
778 451 999 495 vocabula
1029 455 1255 505 triyeminus,
1289 455 1479 504 imputans,
1512 455 1742 504 tripartitus,

108 524 316 574 tmpedalis,
358 536 472 579 quae
504 522 623 580 apud
652 523 1018 567 Priscianum
1048 523 1351 578 inveniuntur,
1383 522 1584 566 similiter
1621 536 1743 566 com-

107 593 257 650 posita
287 597 404 638 sunt.
1440 597 1446 604 '

677 697 730 748 C.
761 702 803 747 V
815 703 924 747 erb
937 715 969 747 a
1000 701 1177 748 affero.

649 784 846 821 adiacere
871 784 939 830 (Cf.
956 783 1066 820 Thes.
1082 784 1099 820 1
1115 784 1212 829 664).

108 870 150 898 v.
174 855 288 898 1035
320 854 582 913 syllabaque
613 855 818 899 adiaceat
848 856 1034 910 geminis
1066 858 1222 899 exorta
1252 856 1443 910 sonoriS,

110 941 150 970 v.
174 927 289 970 1320
321 941 421 970 cum
452 927 600 971 brevis
631 927 744 970 duas
775 927 960 971 habebit
990 926 1245 970 adiacentes
1276 940 1511 970 consonas.

228 1010 522 1053 Terentianus
572 1011 655 1054 hoc
705 1010 841 1053 verbo
887 1010 1130 1054 insolenter
1174 1009 1228 1053 de
1275 1009 1458 1067 syllabis
1504 1023 1614 1053 usus
1664 1012 1744 1054 est.

111 1080 275 1125 Eodem
307 1095 443 1124 sensu
474 1084 645 1123 adiacere
675 1083 825 1125 exstat
856 1080 973 1138 apud
999 1081 1194 1124 Boeth.
1215 1080 1350 1124 herm.
1371 1095 1432 1138 pr.
1454 1081 1565 1135 2,10
1599 1095 1638 1137 p.
1659 1080 1743 1124 130

109 1155 257 1205 quando
288 1186 297 1196 .
319 1186 328 1196 .
350 1188 360 1197 .
391 1158 454 1201 est,
488 1155 639 1194 tertium
667 1155 851 1202 adiaoens,
879 1155 1140 1208 praedicatum
1176 1151 1277 1196 ibid.
1309 1167 1348 1209 p.
1373 1153 1456 1195 131
1488 1155 1662 1204 quoniam
1694 1157 1748 1193 est

109 1229 175 1265 aut
203 1226 302 1266 iusto
331 1227 517 1266 adiacebit
543 1230 609 1266 aut
638 1239 714 1266 non
743 1228 852 1266 iusto.

618 1344 814 1380 coartare
839 1342 907 1388 (Cf.
924 1343 1034 1379 Thes.
1051 1342 1100 1378 111
1119 1342 1233 1388 1390).

111 1417 152 1446 v.
176 1403 260 1446 166
320 1403 339 1445 I
371 1417 470 1446 cum
502 1402 646 1446 medio
676 1403 856 1446 nomine
887 1403 950 1446 sic
980 1403 1063 1446 erit
1092 1402 1255 1457 locata,

323 1474 491 1517 vocalis
523 1476 574 1518 ut
602 1474 725 1517 illam
757 1488 813 1518 ex
842 1474 981 1517 latere
1013 1476 1200 1531 utroque
1232 1475 1417 1527 coartet,

323 1545 545 1589 Baiana
574 1545 701 1589 velut
730 1546 905 1602 peior,
938 1545 1047 1588 item
1077 1545 1247 1588 Troia
1281 1543 1350 1588 vel
1376 1543 1560 1586 huius.

111 1631 152 1659 v.
176 1617 289 1660 1512
321 1630 411 1660 non
443 1616 647 1660 versibus
677 1615 799 1659 istud
829 1630 1012 1660 numero
1044 1619 1126 1659 aut
1154 1615 1317 1673 pedum
1352 1617 1568 1658 coartant.

231 1701 411 1741 C'oartare
455 1700 527 1744 hic
570 1700 934 1755 significationem
974 1699 1112 1743 habet
1149 1702 1331 1751 amplecti,
1375 1701 1571 1741 includere.
1643 1697 1744 1751 Quo

113 1771 328 1815 vocabulo
360 1771 502 1815 utitur
530 1771 810 1815 Ps.-Cens.
841 1770 920 1825 frg.
955 1772 1098 1824 14,14
1132 1773 1312 1821 syllabam
1343 1775 1487 1811 coartat
1515 1772 1744 1811 hecamelro.

112 1841 539 1886 Pseudo-Censorini
584 1842 885 1897 fragmentum
928 1841 1045 1899 quod
1085 1844 1271 1885 vocatur
1319 1840 1545 1884 Censorini
1592 1842 1744 1883 aetate

113 1913 189 1956 vix
219 1915 440 1971 posterius
470 1915 494 1958 i.
513 1929 549 1958 e.
572 1913 748 1958 saeculo
779 1928 817 1970 p.
840 1913 935 1956 Chr.
957 1927 999 1957 n.
1030 1913 1161 1956 tertio
1193 1913 1404 1969 scriptum
1435 1926 1532 1955 esse
1555 1911 1745 1955 videtur.

799 2031 1059 2079 praecluet-e.

316 2107 356 2137 v.
378 2094 493 2135 2242
525 2092 598 2136 vel
629 2093 703 2149 qui
733 2093 779 2135 in
811 2094 993 2136 vetusta
1023 2090 1283 2148 praecluent
1313 2089 1547 2134 comoedia.

231 2179 455 2218 Praecluent
493 2178 518 2220 i.
540 2190 578 2233 q.
607 2180 847 2228 praecellunt.
907 2175 1105 2218 Verbum
1145 2173 1331 2217 eandem
1374 2172 1747 2228 significationem

114 2247 252 2291 habet
292 2247 411 2304 apud
440 2247 707 2291 Prudent.
740 2246 855 2290 cath.
886 2248 927 2301 4,
946 2247 1002 2289 37
1033 2248 1098 2287 Sic
1127 2249 1216 2288 olim
1246 2250 1312 2286 tua
1334 2248 1554 2297 praecluens
1579 2248 1745 2295 potestas

112 2321 219 2361 Inter
257 2323 473 2361 raucisonos
512 2322 624 2361 situm
664 2323 778 2361 leones
809 2321 975 2370 Inlapsis
1009 2320 1166 2369 dapibus
1194 2319 1321 2358 virum
1350 2318 1499 2367 refovit.
1561 2314 1747 2358 Accedit

115 2389 233 2447 quod
255 2395 471 2443 praecolere
500 2390 686 2445 legimus
717 2389 837 2447 apud
857 2388 954 2433 Iul.
977 2388 1087 2432 Val.
1112 2388 1221 2443 1,34
1247 2390 1299 2444 (p.
1316 2387 1386 2440 45,
1401 2387 1427 2429 9
1450 2385 1515 2429 ed.
1536 2384 1745 2438 Kuebler)

107 2465 348 2513 praecluatis.
389 2488 448 2493 —
488 2461 771 2505 Adiectivum
793 2463 985 2513 praecluis
1016 2461 1167 2503 exstat
1198 2457 1317 2516 apud
1345 2457 1501 2501 Mart.
1533 2455 1746 2513 Capell.

114 2533 134 2574 I
164 2547 202 2589 p.
225 2534 332 2589 2,13
365 2533 442 2587 (ed.
465 2532 783 2590 Eyssenhardt)
814 2533 952 2576 Meri
974 2535 1178 2584 praeclues.
1235 2530 1265 2585 I,
1284 2530 1338 2573 10
1371 2532 1423 2585 (p.
1441 2530 1510 2576 11,
1530 2529 1597 2582 14)
1630 2530 1749 2569 Paret

107 2607 345 2656 praecluw'bus
391 2608 515 2646 lubens
548 2607 727 2656 profatis.
788 2603 842 2658 V,
862 2603 946 2646 138
989 2605 1041 2659 (p.
1066 2603 1163 2655 140,
1181 2602 1221 2655 4)
1268 2603 1331 2641 Ita
1364 2603 1557 2652 praeclues
1596 2601 1746 2651 linquae

114 2679 326 2717 eroellentia
354 2679 571 2725 floruerant.
629 2675 702 2730 IX,
720 2675 807 2718 304
839 2676 890 2731 (p.
912 2673 1010 2728 335,
1028 2674 1068 2727 8)
1100 2675 1294 2714 Praecluis
1324 2673 1548 2712 eruditionis
1577 2672 1742 2713 adserta.

800 2793 1064 2840 praelocare.

118 2881 158 2909 v.
180 2866 267 2908 290
299 2879 550 2909 consonans
581 2866 619 2908 si
650 2864 927 2922 praelocatur
957 2877 1061 2919 una,
1093 2863 1312 2919 quantum
1342 2859 1522 2904 differat

119 2952 158 2982 v.
180 2938 265 2981 501
298 2950 454 2980 verum
485 2937 602 2980 enim
632 2950 714 2979 nec
744 2934 984 2992 praelocari
1015 2934 1078 2977 sic
1109 2931 1227 2989 apud
1259 2931 1416 2976 Graios
1447 2932 1610 2988 potest.
