1936 3366
769 278 1066 320 —31-

806 419 1023 458 discretio.

450 505 491 535 v.
515 492 568 534 71
601 505 690 535 neu
722 491 926 535 discretio
957 491 1075 535 falsa
1105 492 1163 535 sit
1195 493 1380 547 (rerum).

213 573 308 617 Hoc
348 574 617 617 vocabulum
660 575 846 618 occurrit
887 574 1005 631 apud
1046 574 1519 632 Tryphoninum1)
1561 575 1608 618 in
1649 574 1733 630 dig.

97 643 176 688 VII
206 645 245 699 1,
275 645 331 688 62
377 661 422 686 ne
460 661 534 697 per
562 649 711 698 sinqula
739 649 922 688 animalia
964 649 1159 697 facultatis
1206 649 1416 698 fructuarii
1452 652 1611 699 propter
1654 649 1733 688 dis-

92 719 291 758 cretionem
322 719 517 767 difficilem
545 720 606 759 ius
635 720 816 758 incertum
845 721 904 759 sit.
962 716 1196 761 Tertull.
1228 718 1361 761 anim.
1389 718 1445 761 51
1480 720 1584 770 Opus
1611 723 1734 759 autem

94 791 227 829 mortis
271 790 312 829 in
352 790 473 829 medio
509 794 571 839 est,
617 790 790 830 discretio
836 792 1010 840 corporis
1054 792 1278 841 animaeque.
1339 788 1489 832 Lact.
1510 788 1683 844 V1112,
1705 790 1732 831 4

94 873 180 900 cum
208 862 267 901 vis
296 861 424 911 aliqua
453 864 648 911 utrumque
677 862 903 908 discreverit,
936 875 1028 912 quae
1059 862 1236 904 discretio
1265 875 1367 902 mors
1392 866 1557 902 vocatur.
1606 860 1733 904 Mar.

95 929 236 973 Vict.
259 928 320 972 VI
344 930 440 985 188,
466 930 522 972 14
542 929 595 973 K.
659 932 761 983 Quae
789 936 875 972 sunt
906 930 1087 985 (scilicet
1110 937 1243 983 partes
1273 932 1481 986 lectionis)‘?
1540 934 1732 983 Aecentus,

95 1003 270 1043 discretio
301 1033 310 1043 .
332 1033 341 1042 .
364 1033 373 1043 .
403 1003 595 1043 Discretio
639 1005 730 1054 quid
774 1003 850 1044 est?
911 1005 1155 1053 confusarum
1193 1005 1508 1055 siqnifi'cationum
1545 1007 1734 1056 perplana

92 1074 331 1124 siqnificatio.
393 1072 555 1115 Diom
569 1086 593 1115 θ
607 1071 646 1115 d.
673 1073 692 1116 I
719 1073 818 1128 436,
849 1073 904 1116 23
926 1072 968 1115 K
1010 1076 1202 1115 Discretio
1242 1079 1296 1116 est
1333 1077 1575 1125 confusarum
1613 1077 1731 1127 siqni-

95 1145 313 1193 ficationum
336 1147 525 1195 perplana
554 1147 746 1196 expositio,
776 1159 868 1196 quae
899 1147 1102 1186 ostenditur
1130 1148 1250 1187 modis
1270 1148 1437 1197 quinque.
1483 1144 1732 1190 AmbrOS.

94 1213 296 1258 hexaem.
318 1215 368 1269 Π,
394 1215 432 1269 1,
458 1216 481 1257 1
516 1217 568 1272 (p.
590 1216 645 1258 41
680 1215 885 1270 Schenkl)
922 1219 1178 1258 discretionem
1207 1220 1350 1268 factam
1380 1219 1474 1258 lucis
1502 1222 1610 1269 atque
1638 1222 1732 1258 tene-

95 1288 253 1327 brarum
292 1288 353 1327 dei
393 1289 622 1338 omnipotens
661 1292 696 1328 et
723 1290 869 1329 domini
907 1290 992 1329 Iesu
1026 1289 1178 1329 Christi.
1238 1287 1434 1331 Avien.
1464 1288 1589 1331 Arat.
1615 1287 1654 1330 H
1674 1288 1727 1331 31

94 1359 380 1398 Insociabilium
419 1360 592 1399 discretio
623 1361 722 1400 iusta
751 1362 914 1400 deorum.
976 1358 1015 1401 II
1037 1359 1123 1401 299
1155 1361 1295 1401 Nullus
1325 1362 1451 1401 telluri
1479 1362 1584 1401 limes
1613 1362 1731 1411 datus,

95 1431 219 1470 iudice
261 1431 364 1470 nullo
407 1430 517 1470 Culta
561 1433 778 1471 secabantur
817 1445 930 1482 neque
974 1432 1054 1471 iam
1093 1433 1266 1472 discretio
1308 1446 1479 1483 campum
1518 1433 1653 1472 Metiri
1691 1434 1732 1472 in

93 1502 264 1541 dominos
302 1505 584 1542 monstraverat.
644 1499 883 1544 Macrob.
915 1514 1054 1544 somn.
1086 1501 1198 1558 Scip.
1230 1501 1249 1544 I
1280 1502 1320 1556 6,
1357 1503 1409 1544 17
1453 1504 1505 1558 (p.
1535 1503 1622 1545 487
1665 1501 1730 1546 ed.

94 1569 416 1627 Eyssenhardt)
448 1573 621 1613 discretio
650 1587 736 1614 vero
766 1587 876 1614 sexus
905 1575 1029 1623 futuri
1057 1576 1154 1614 sicut
1181 1575 1433 1625 Hippocrates
1461 1577 1579 1625 refert
1606 1575 1661 1616 sic
1689 1576 1731 1615 in

95 1648 200 1684 utero
231 1644 448 1686 dinoscitur.
499 1641 688 1698 Veget.
711 1644 894 1688 veterin.
915 1643 934 1686 Ι
958 1644 1026 1699 16,
1052 1644 1075 1686 1
1099 1646 1378 1696 E'lephantiasis
1406 1647 1530 1686 morbi
1558 1647 1731 1687 discretio

93 1715 264 1765 superius
294 1718 346 1755 est
376 1717 554 1757 indicata.
605 1715 873 1757 Ammian.
894 1714 1132 1758 Marcell.
1153 1714 1275 1758 XVII
1299 1719 1336 1770 l,
1362 1717 1386 1758 1
1416 1718 1495 1757 sine
1514 1719 1732 1758 discretione

97 1789 246 1826 cunctos
285 1787 437 1826 humari
475 1788 679 1827 mandavit.
740 1787 901 1829 XXIII
929 1788 969 1840 6,
993 1787 1048 1828 67
1080 1789 1159 1828 sine
1190 1790 1268 1828 ulla
1297 1789 1526 1829 discretione.
1586 1786 1730 1830 XXVI

94 1856 137 1909 6,
162 1857 186 1898 7
229 1859 294 1908 qui
332 1858 383 1898 ad
421 1859 615 1899 nudandos
654 1860 732 1899 sine
767 1860 989 1899 discretione
1019 1863 1166 1900 cunctos
1195 1860 1410 1900 immaniter
1439 1861 1607 1911 flayrans
1637 1891 1646 1900 .
1679 1895 1687 1902 .
1719 1891 1728 1899 .

93 1928 288 1968 vinciebat.
330 1926 454 1970 XXX
470 1927 511 1982 5,
529 1928 557 1971 5
573 1931 705 1980 absque
719 1931 902 1970 iustorum
918 1931 1210 1981 iniustorumque
1225 1932 1454 1973 discretione.
1485 1929 1729 1973 Prudent.

95 1997 329 2052 hamartig.
351 1998 407 2041 25
439 1999 508 2040 Ius
537 2001 687 2040 varium
717 2014 792 2041 non
821 2005 874 2041 est
898 2002 1065 2056 plenum3
1105 2003 1194 2052 quia
1223 2015 1297 2042 non
1326 2003 1431 2042 habet
1458 2004 1567 2056 alter,
1615 2003 1730 2054 Quid-

94 2071 186 2121 quid
215 2071 347 2121 dispar
375 2072 495 2111 habet:
544 2074 732 2112 cumulum
761 2074 934 2113 discretio
965 2074 1099 2123 carpit.
1159 2071 1397 2127 August.
1420 2071 1473 2115 de
1503 2086 1651 2127 genes.
1672 2072 1728 2116 ad

94 2139 199 2185 Litt.
219 2140 258 2183 Π
279 2141 306 2183 8
347 2143 520 2183 discretio
561 2147 748 2183 terrarum
783 2148 890 2194 atque
928 2158 1124 2195 aquarum.
1185 2142 1442 2187 Cassian.
1464 2143 1492 2186 J
1512 2143 1629 2198 111,9
1665 2158 1731 2186 nec

92 2225 207 2263 super
246 2227 375 2253 earum
416 2215 557 2255 iudicio
587 2217 784 2265 quicquam
812 2228 901 2255 suae
930 2216 1148 2256 discretioni
1176 2217 1411 2257 committere.
1471 2215 1541 2269 39,
1563 2216 1589 2257 2
1621 2219 1729 2258 tertio

91 2285 130 2324 si
148 2285 246 2324 nihil
265 2285 490 2332 discretioni,
514 2287 577 2326 sed
596 2287 736 2326 iudicio
751 2287 831 2326 eius
844 2288 1016 2327 universe
1031 2289 1246 2328 committat.
1292 2285 1345 2341 V,
1359 2286 1398 2330 3.
1429 2287 1509 2342 4,1
1543 2288 1588 2329 et
1618 2288 1658 2330 4.
1690 2289 1728 2330 7.

97 2354 166 2397 20.
197 2354 267 2409 23,
286 2354 326 2397 2.
357 2355 485 2410 36,1.
517 2355 586 2398 41.
646 2355 787 2398 V111.
819 2357 918 2411 3,1.
978 2356 1090 2410 VIII,
1117 2357 1201 2413 1,1
1235 2361 1282 2400 et
1312 2358 1352 2411 2,
1377 2357 1444 2400 22.
1504 2357 1577 2412 XI,
1600 2358 1728 2401 4—8.

95 2424 188 2481 XII,
213 2425 282 2479 17,
305 2426 331 2468 3
364 2427 411 2468 et
441 2426 468 2468 6
499 2427 678 2483 passim.
708 2426 814 2470 Jul.
843 2427 1191 2484 Exuperant.
1213 2429 1241 2470 4
1282 2432 1394 2481 legem
1436 2431 1529 2477 tulit,
1571 2434 1615 2470 ut
1642 2433 1730 2470 novi

95 2499 192 2537 cives
232 2510 313 2537 cum
354 2499 536 2538 veteribus
564 2501 669 2539 nulla
698 2500 917 2540 discretione
945 2502 1175 2551 suffrayium
1206 2502 1356 2550 ferrent.
1417 2499 1588 2543 Prisc.
1608 2499 1635 2542 l.
1658 2501 1726 2555 17,

217 2662 247 2714 ¹)
279 2665 352 2702 Est
391 2666 576 2715 aequalis
607 2667 822 2716 Papiniani
864 2669 986 2717 atque
1028 2668 1153 2707 libros
1194 2680 1294 2706 suos
1326 2668 1489 2706 saeculo
1521 2680 1558 2717 p.
1581 2668 1667 2707 Chr.
1690 2681 1727 2707 n.

97 2723 216 2761 tertio
238 2725 476 2773 composuit.
519 2726 629 2764 Conf.
645 2726 710 2764 W.
721 2726 836 2771 Kalb,
861 2726 986 2765 Roms
1007 2727 1200 2772 Juristen,
1231 2727 1361 2776 Leipz.
1383 2739 1419 2765 a.
1440 2727 1552 2765 1890
1574 2740 1611 2777 p.
1628 2728 1728 2767 122:

104 2781 245 2828 „Scine
276 2782 487 2828 Schriften,
532 2796 614 2823 von
655 2785 782 2823 denen
824 2786 892 2823 der
923 2787 1028 2824 erste
1060 2786 1146 2823 Teil
1176 2786 1281 2823 nach
1312 2786 1473 2835 Fitting,
1517 2786 1630 2826 Alter
1660 2788 1728 2826 der

99 2840 297 2879 Schriften
329 2842 368 2881 S.
391 2842 446 2880 32
478 2845 595 2881 unter
617 2844 826 2882 Caracalla
851 2845 933 2882 und
956 2845 1071 2890 Geta,
1106 2845 1174 2882 der
1195 2845 1338 2883 zweite
1359 2847 1476 2884 unter
1496 2845 1726 2885 Caracallas

96 2899 438 2950 Alleinregierung
486 2903 744 2951 geschrieben
794 2903 861 2948 ist,
916 2904 1006 2941 sind
1058 2904 1393 2942 wahrscheinlich
1444 2905 1497 2943 im
1542 2905 1725 2944 Ausland

94 2959 431 3009 herausgegeben.
440 2963 456 2981 ‘⁶
