1936 3366
916 285 1214 327 -14-

242 403 424 448 Schultz
460 403 668 460 exposuit
698 401 913 458 neglectis
945 402 1031 447 alio
1068 418 1175 447 usus
1211 405 1281 448 est
1311 403 1484 460 indicio,
1516 418 1603 462 quo
1635 404 1888 450 accuratius

242 475 498 519 Terentiani
519 476 718 519 aetatem
741 475 953 519 definiret.
1000 474 1147 519 Nihilo
1172 475 1322 520 minus
1344 476 1534 520 eandem
1555 475 1610 520 de
1632 475 1890 521 Terentiani

241 548 393 591 aetate
445 546 699 604 opinionem
751 545 870 604 apud
922 560 1025 590 eum
1076 547 1351 602 invenimuS,
1404 561 1539 605 quam
1590 547 1798 605 exposuit
1841 547 1890 592 in

243 618 555 662 dissertatione
587 632 703 676 quae
733 618 989 662 inscribitur
1014 619 1106 676 „De
1131 619 1391 662 Terentiani
1411 633 1615 664 sermone
1638 621 1686 663 et
1706 619 1886 664 aetate“

242 689 455 736 FleckeiS.
485 689 634 735 annal.
666 689 807 748 suppl.
839 690 962 733 XXII
1004 692 1056 744 (a.
1082 691 1212 744 1897)
1243 705 1283 748 p.
1306 691 1391 734 291
1410 705 1502 748 sqq.
1546 691 1717 736 inserta
1756 692 1805 735 et
1842 691 1891 735 in

242 761 390 806 libello
426 762 517 818 „De
549 761 807 805 Terentiani
837 761 992 805 metris
1025 763 1071 806 et
1109 761 1386 806 elocutione“
1420 761 1556 806 Mfilh.
1588 777 1627 806 a.
1654 763 1779 807 1897.
1839 761 1890 807 In

242 833 555 877 dissertatione
597 832 652 877 de
694 833 917 891 scriptoris
957 848 1005 877 re
1047 834 1339 889 grammatica
1381 836 1427 878 et
1461 833 1693 879 vocabulis
1734 833 1792 879 ab
1834 847 1888 878 eo

243 905 453 949 adhibitis
486 905 662 962 quaerit
682 905 925 962 Werthius,
959 905 1140 961 singula
1169 905 1406 950 verborum
1438 919 1603 962 genera
1632 905 1893 964 perlustrat,

243 977 411 1021 indices
453 976 685 1032 diligenter
727 977 963 1035 componit.
1028 977 1151 1031 Quae
1197 977 1255 1022 ad
1298 977 1575 1035 probandam
1617 977 1890 1023 sententiam

243 1063 408 1105 eorum,
451 1049 527 1106 qui
568 1049 886 1093 Terentianum
918 1049 1097 1093 saeculo
1130 1063 1170 1106 p.
1199 1049 1294 1093 Chr.
1316 1063 1358 1093 n.
1391 1048 1586 1094 secundo
1618 1048 1891 1106 adscribunt,

245 1121 390 1164 afferri
401 1122 624 1178 poterant,
639 1121 790 1164 omnia
801 1120 1143 1178 comprehendit.
1175 1121 1361 1164 Summa
1372 1123 1526 1165 autem
1536 1121 1677 1165 totius
1689 1120 1890 1179 disputa-

242 1192 376 1236 tionis
409 1194 479 1255 est
508 1191 621 1236 haec
651 1207 691 1250 p.
714 1193 819 1236 376:
855 1193 1180 1250 „Terentianus
1200 1193 1348 1248 igitur⁷
1380 1192 1485 1237 licet
1504 1207 1650 1251 pauca
1669 1191 1892 1237 vocabula

241 1266 322 1308 aut
365 1263 486 1308 solus
518 1266 599 1308 aut
630 1264 797 1322 primus
839 1264 1069 1322 praebeat,
1110 1264 1215 1308 licet
1254 1264 1383 1322 plura
1422 1264 1641 1309 inusitato
1672 1265 1719 1308 in
1751 1265 1891 1320 signi-

242 1336 385 1380 ficatu
417 1335 641 1392 adhibeat,
671 1335 776 1380 licet
806 1335 1051 1380 insolenter
1080 1336 1219 1380 verba
1251 1338 1496 1392 construat,
1528 1336 1634 1380 licet
1654 1335 1892 1381 verborum

244 1408 534 1452 collocatione
565 1407 779 1452 notabilis
825 1409 897 1460 sit,
944 1410 1100 1452 tamen
1147 1408 1308 1466 quibus
1355 1408 1545 1453 licentiis
1588 1408 1891 1453 Tertullianus

243 1479 513 1524 Frontonem
547 1479 739 1525 Gellium
769 1479 1009 1537 Apuleium
1050 1481 1245 1537 superat,
1287 1494 1380 1524 non
1410 1481 1562 1527 utitur.
1624 1480 1686 1524 Ut
1715 1479 1891 1524 Tertul-

244 1551 392 1595 lianus
434 1566 535 1595 cum
576 1552 624 1596 in
666 1551 764 1596 aliis
805 1552 953 1607 rebus,
997 1554 1095 1596 tum
1136 1553 1183 1596 in
1218 1552 1600 1610 praepositionum
1629 1566 1718 1596 usu
1747 1551 1892 1596 multa

245 1625 420 1682 praeter
461 1638 515 1668 ea
556 1638 671 1681 quae
714 1638 850 1681 supra
891 1625 1059 1682 passim
1091 1624 1434 1668 commemoravi
1463 1624 1660 1682 praebet,
1702 1637 1892 1682 quorum

245 1694 364 1752 apud
386 1695 705 1739 Terentianum
736 1710 820 1740 nec
851 1695 956 1740 vola
986 1710 1070 1740 nec
1099 1695 1342 1750 vestigium
1372 1698 1569 1754 apparet.
1620 1695 1779 1754 Itaque
1799 1709 1891 1740 non

243 1767 398 1825 paucis
430 1767 562 1811 annis
594 1770 700 1812 ante
733 1757 1057 1812 Tertullianum
1087 1767 1228 1811 fuisse
1255 1767 1435 1812 videtur
1465 1801 1890 1812 ...........

243 1872 753 1884 .............
785 1839 898 1895 Ergo
942 1842 996 1884 ut
1032 1841 1199 1884 certam
1232 1840 1431 1883 aetatem
1462 1839 1757 1895 nominemus,
1800 1853 1892 1897 qua

249 1911 567 1955 Terentianum
597 1910 738 1955 fuisse
769 1911 997 1969 probabile
1031 1911 1102 1967 sit,
1135 1910 1297 1955 librum
1329 1910 1586 1966 secundum,
1618 1910 1666 1955 in
1697 1925 1784 1968 quo
1814 1910 1892 1956 illa

247 1982 387 2026 verba
427 1983 650 2038 leguntur,
693 1983 777 2027 sub
818 1983 957 2026 finem
998 1983 1136 2027 Marci
1179 1982 1347 2026 Aurelii
1386 1982 1659 2040 Philosophi,
1706 1982 1891 2027 tertium

245 2054 373 2098 initio
415 2055 585 2112 imperii
617 2054 815 2098 eiusdem
847 2055 1167 2098 Terentianum
1198 2054 1439 2111 scripsisse,
1482 2055 1642 2098 natum
1673 2068 1774 2099 esse
1805 2054 1890 2098 sub

243 2125 472 2170 Hadriano
503 2127 768 2183 imperatore
801 2127 1094 2170 statuamus.“

365 2197 489 2251 Quae
511 2198 703 2242 Werthii
723 2198 863 2242 verba
893 2198 1079 2256 probare
1110 2198 1290 2242 minime
1320 2212 1522 2256 possum3
1552 2212 1660 2242 nam
1679 2198 1727 2242 in
1747 2196 1892 2242 multa

244 2269 472 2326 inquirens
504 2270 654 2313 omisit
683 2270 728 2313 id
760 2269 877 2327 quod
899 2284 1123 2313 summum
1146 2272 1226 2315 est.
1273 2269 1518 2326 Diligenter
1539 2269 1717 2327 quidem
1737 2269 1889 2325 verba,

245 2341 409 2399 quibus
450 2341 747 2385 Terentianus
793 2356 903 2385 usus
947 2343 1028 2397 est,
1077 2342 1135 2385 ab
1178 2356 1229 2386 eo
1277 2341 1463 2386 collecta
1509 2343 1627 2397 sunt,
1673 2340 1755 2386 sed
1798 2353 1891 2386 non

244 2414 363 2457 recte
405 2413 472 2457 vir
509 2412 666 2457 doctus
699 2412 1026 2457 demonstravit
1057 2428 1172 2471 quae
1204 2428 1260 2458 ex
1291 2413 1362 2457 his
1394 2412 1678 2457 collectaneis
1709 2412 1890 2457 conclu-

247 2484 397 2529 denda
428 2485 529 2529 sint.

367 2556 493 2611 Quod
525 2557 642 2600 enim
674 2570 863 2612 magnus
896 2556 1144 2611 verborum,
1193 2556 1355 2614 quibus
1396 2556 1692 2600 Terentianus
1733 2555 1889 2611 utitur,

246 2642 459 2672 numerus
499 2629 589 2672 iam
631 2628 749 2686 apud
788 2628 1022 2685 scriptores
1055 2628 1221 2672 saeculi
1252 2643 1291 2686 p.
1313 2627 1408 2671 Chr.
1430 2642 1471 2673 n.
1503 2626 1687 2671 secundi
1716 2626 1889 2685 legitur,

248 2714 298 2743 eo
331 2702 593 2755 argumento
625 2700 785 2744 Werth
817 2714 926 2743 usus
959 2702 1041 2755 est,
1075 2702 1127 2743 ut
1148 2700 1465 2743 Terentianum
1496 2699 1643 2757 ipsum
1673 2698 1758 2743 hoc
1787 2712 1889 2743 sae-

247 2771 345 2815 culo
388 2772 554 2816 vixisse
598 2774 733 2829 atque
774 2771 909 2816 libros
953 2786 1059 2816 suos
1101 2772 1400 2829 composuisse
1433 2770 1654 2814 ostendat.
1716 2770 1806 2815 Sed
1835 2783 1891 2814 ea

248 2843 386 2885 verba
417 2843 536 2900 apud
568 2844 886 2888 Terentianum
918 2843 1064 2898 obvia,
1098 2857 1214 2900 quae
1246 2856 1336 2886 non
1367 2843 1454 2886 nisi
1483 2841 1704 2886 inferioris
1734 2842 1889 2886 latini-

249 2914 356 2956 tatis
388 2914 413 2957 i.
437 2929 471 2959 e.
494 2915 661 2959 saeculi
691 2915 813 2959 tertii
842 2914 917 2959 vel
948 2915 1095 2972 quarti
1125 2915 1299 2972 propria
1329 2916 1448 2970 sunt,
1482 2928 1628 2971 aequa
1658 2927 1764 2958 cura
1789 2926 1889 2971 per-

249 2985 379 3042 pendi
404 2985 640 3042 debebant,
660 3001 775 3044 quae
791 2987 859 3031 vir
875 2987 1032 3031 doctus
1050 2986 1211 3030 afferre
1228 2986 1339 3030 satis
1357 2985 1494 3030 habet
1510 2987 1556 3030 et
1572 2999 1628 3030 ex
1645 2983 1888 3030 cottidiano
