1936 3366
906 257 1206 301 -42-

874 377 934 423 D.
966 377 1237 423 Adverbia.

352 463 451 506 Duo
483 463 664 505 tantum
694 460 783 505 huc
813 460 1091 518 pertinentia
1121 459 1335 504 adverbia
1364 459 1589 515 indagavi.

759 569 966 606 alternum
993 567 1059 614 (Cf.
1079 566 1192 606 Thes.
1209 567 1225 602 I
1245 566 1361 612 1758).

234 644 275 674 v.
298 630 413 673 1293
446 629 640 687 (Corpus)
673 628 895 672 alternum
927 629 1096 671 nutans
1129 629 1175 671 et
1205 628 1363 671 neutro
1395 626 1590 685 pondere
1625 624 1789 670 sidens.

352 713 509 771 Itaque
542 712 838 757 Terentianus
870 711 1080 756 adverbio
1114 725 1224 755 usus
1257 711 1337 754 est.
1390 709 1475 764 Qui
1505 723 1616 753 usus
1651 708 1877 753 invenitur

235 785 354 843 apud
374 785 485 830 Alc.
507 784 655 829 Avit.
678 798 808 828 carm.
829 784 865 832 1,
881 783 937 827 95
959 788 1003 825 ut
1020 798 1058 825 se
1077 786 1263 825 alternum
1279 781 1385 836 (cod.
1401 783 1431 838 β
1445 783 1625 835 alternus)
1646 786 1793 823 moveat
1815 813 1824 823 .
1842 813 1851 823 .
1868 813 1878 823 .

233 871 391 909 yressu8.

957 949 989 998 -ι-
1014 959 1154 997 mage.

236 1028 278 1058 v.
331 1013 417 1056 164
447 1011 616 1056 vocalis
648 1011 694 1054 in
725 1011 863 1055 istum
895 1024 1025 1065 mage
1057 1023 1192 1067 quam
1223 1023 1356 1053 versa
1387 1008 1447 1052 sit
1477 1022 1622 1052 usum.

236 1100 278 1130 v.
311 1085 425 1127 1483
457 1085 733 1130 ἀντίσπαστον
766 1082 885 1126 enim
916 1096 1047 1138 mage
1078 1081 1152 1125 lex
1182 1081 1361 1125 heroica
1391 1083 1574 1138 promet.

236 1171 277 1200 v,
309 1157 426 1200 2893
443 1169 588 1211 -mage
619 1169 706 1212 quo
739 1168 877 1198 sonus
907 1154 1118 1206 vibretur,
1151 1152 1367 1197 studea-nt
1393 1151 1498 1196 dare
1519 1150 1802 1210 tribrachym.

354 1240 450 1283 Iam
481 1238 601 1297 apud
622 1238 780 1295 Plaut„
803 1237 948 1293 Verg.,
977 1238 1117 1295 Prop.,
1141 1236 1265 1281 Ovid.
1296 1237 1483 1280 formam
1513 1251 1618 1289 maye
1647 1234 1880 1291 legimus.¹)

238 1311 325 1356 Sed
355 1313 516 1369 postea
545 1326 652 1364 mye
671 1310 899 1355 invenitur
931 1308 1110 1353 demum
1132 1307 1252 1367 apud
1282 1308 1320 1351 N
1334 1322 1495 1352 emes.
1542 1306 1647 1366 Cyn.
1670 1308 1755 1351 317
1772 1309 1880 1349 Hinc

236 1399 341 1437 maye
353 1386 548 1437 pumiceas
576 1385 705 1424 mtivo
735 1397 886 1424 munere
915 1396 1045 1424 sumes.
1089 1380 1262 1425 Solin.
1285 1381 1354 1436 22,
1372 1379 1429 1423 20
1460 1394 1526 1422 nec
1555 1382 1749 1432 quisquam
1774 1393 1880 1432 maye

232 1459 437 1508 patientiae
457 1459 535 1497 loco
555 1457 724 1497 nationes
744 1459 848 1506 ferae
869 1456 1016 1496 ducunt.
1064 1453 1285 1510 Dionys
1307 1451 1401 1496 Cat.
1419 1452 1445 1494 2
1469 1451 1604 1509 praef.
1621 1451 1647 1494 2
1676 1453 1879 1504 Veryaium

238 1531 363 1583 leyit03
404 1529 535 1580 quodsi
573 1541 679 1580 maye
718 1541 822 1569 nosse
862 1529 1014 1568 labores.
1067 1526 1108 1580 2,
1127 1526 1154 1568 6
1192 1527 1291 1566 Tuta
1325 1539 1432 1577 maye
1468 1529 1522 1565 est
1543 1525 1700 1578 puppis,
1731 1524 1880 1565 modico

238 1615 330 1652 quae
370 1601 524 1651 flumine
555 1601 699 1649 fertur.
744 1599 790 1658 ¹4,
808 1598 864 1640 42
899 1600 1060 1639 Gratim·
1090 1599 1243 1651 officiis,
1285 1611 1356 1649 quo
1391 1598 1447 1637 sis
1475 1609 1582 1648 maye
1612 1597 1751 1643 carior,
1794 1599 1883 1638 esto,

242 1674 445 1714 Auson.
490 1669 699 1714 Parenth.
762 1670 878 1722 9,14
912 1672 964 1726 (p.
987 1669 1044 1712 46
1077 1667 1282 1723 Schenkl)
1324 1682 1464 1720 quoque
1503 1669 1624 1719 mayis
1660 1669 1771 1715 solus,
1814 1668 1885 1707 hoc

239 1758 343 1796 maye
371 1748 532 1785 mestus
552 1756 628 1795 eyo.
679 1740 889 1785 Ennod.
912 1754 1042 1785 carm.
1064 1741 1083 1783 I
1104 1741 1145 1795 9,
1165 1740 1250 1782 119
1273 1742 1326 1797 (p.
1349 1739 1407 1781 44
1428 1737 1494 1782 ed.
1516 1737 1682 1793 Vogel).
1723 1736 1832 1780 Pru
1844 1736 1884 1781 d.

241 1817 377 1858 contr.
400 1814 564 1872 Symm.
589 1814 628 1870 1,
661 1813 746 1856 517
791 1816 911 1855 tristis
950 1815 1087 1854 iudicii
1115 1827 1221 1865 maye
1243 1814 1412 1864 paenitet
1442 1825 1488 1852 ac
1518 1812 1682 1852 ditionis.
1734 1808 1884 1867 perist.

241 1888 282 1942 3,
300 1887 327 1930 9
363 1889 427 1928 sed
460 1901 566 1938 maye
594 1888 774 1938 sanquine
803 1887 996 1936 martyrii.
1048 1885 1089 1926 A
1102 1884 1246 1927 vien.
1280 1883 1390 1926 arat.
1424 1882 1511 1925 600
1541 1883 1746 1934 Indiynam
1776 1883 1884 1922 aen‘a

242 1961 394 2000 credunt
422 1972 527 2010 wmye
555 1960 638 1999 sede
666 1959 793 2008 fuisse.
844 1955 942 2000 Iul.
964 1954 1146 1999 Valer.
1178 1969 1218 2012 p.
1242 1956 1281 2010 1,
1300 1955 1358 1996 44
1390 1952 1471 2008 (ed.
1503 1951 1724 2007 Kuebler).
1781 1953 1822 2007 2,
1841 1952 1884 1995 4.

242 2031 283 2087 2,
302 2031 340 2073 6.
382 2029 423 2083 2,
443 2031 481 2072 7.
523 2029 564 2084 2,
582 2029 622 2072 9.
664 2029 702 2079 2,
721 2029 788 2071 22.
832 2028 960 2082 3,12.
1003 2028 1043 2082 3,
1062 2027 1164 2082 383)
1207 2025 1398 2070 Boeth.
1426 2024 1589 2068 Philos.
1612 2037 1731 2068 cons.
1753 2024 1794 2079 3,
1816 2023 1884 2067 15.

243 2100 433 2145 Claud.
454 2099 704 2144 Mamert.
734 2100 860 2157 epist.
881 2100 1043 2156 poster.
1070 2113 1108 2156 p.
1131 2098 1231 2152 204,
1249 2099 1288 2141 7.
1335 2097 1468 2141 Itin.
1501 2095 1655 2139 Alex.
1687 2096 1744 2138 49
1762 2095 1883 2150 (111)

243 2172 471 2216 Anthol.
492 2171 609 2215 Lat.
643 2171 722 2226 (ed.
754 2171 898 2226 Riese)
931 2171 1032 2225 253,
1051 2171 1077 2213 9
1116 2173 1165 2212 Ut
1191 2185 1298 2223 maye
1327 2172 1559 2220 flammantes
1582 2170 1708 2220 possis
1727 2169 1885 2209 laudare

241 2247 407 2298 sayittas.
469 2244 643 2299 299,11
676 2246 801 2296 Maye,
831 2246 867 2285 si
888 2257 1019 2295 posces
1048 2245 1213 2284 membra
1241 2246 1440 2294 perempta.
1493 2240 1594 2294 323,
1612 2240 1639 2282 8
1671 2241 1720 2280 In
1751 2241 1885 2280 luxum

244 2331 385 2369 cupere,
428 2318 491 2358 sed
533 2318 696 2358 vendere.
767 2314 833 2358 De
874 2314 1033 2358 horum
1074 2312 1253 2370 quidem
1295 2312 1540 2356 carminum
1581 2312 1734 2354 aetate
1775 2308 1886 2352 nihil

245 2389 434 2431 constat.
450 2412 510 2419 —
521 2385 729 2430 Anthol.
746 2385 855 2430 Lat.
873 2386 1044 2440 649,16
1057 2387 1247 2427 Crescenti
1255 2399 1406 2426 nummo
1420 2386 1456 2425 si
1467 2398 1573 2435 maye
1589 2397 1681 2424 cura
1695 2382 1841 2424 subest?
1853 2381 1884 2435 8)

246 2458 372 2513 Quod
403 2472 582 2502 carmen
614 2460 684 2501 est
715 2456 895 2515 Sulpicii
925 2456 1112 2514 Luperci
1144 2455 1339 2500 Servasii
1371 2454 1567 2508 iunioris,
1601 2453 1676 2510 qui
1698 2451 1886 2496 Ausonii

245 2534 441 2588 tempore
462 2529 629 2574 vixisse
661 2528 883 2583 videtur.⁴)

365 2663 394 2717 1)
427 2666 486 2704 De
522 2664 662 2703 formis
693 2663 814 2713 mayis
844 2665 885 2702 ct
914 2675 1019 2712 nwye
1050 2663 1132 2712 egit
1161 2662 1211 2700 M.
1233 2659 1734 2704 Niedermann-Hermann‚
1778 2658 1885 2697 Hist.

247 2725 460 2763 Lautlehre
492 2725 562 2763 des
593 2723 887 2763 Lateinischen.
948 2723 1187 2772 Heidelberg
1218 2734 1253 2760 a.
1279 2721 1391 2760 1907
1425 2731 1461 2770 p.
1486 2719 1554 2759 55.

365 2782 395 2835 12)
430 2784 541 2823 Conf.
575 2784 718 2822 Christ.
746 2783 990 2828 Fassbender‚
1024 2782 1083 2820 De
1103 2781 1184 2820 Juli
1206 2780 1340 2819 Valeri
1363 2791 1546 2818 sermone
1569 2779 1726 2829 quaest.
1748 2776 1886 2817 select.

248 2843 420 2882 Monast.
452 2857 488 2883 a.
516 2843 639 2882 1909.
671 2855 707 2893 p.
734 2842 800 2882 15.

367 2900 396 2953 3)
430 2903 485 2942 Cf.
517 2903 863 2952 Neue-Wagener,
898 2902 922 2941 l.
943 2902 969 2941 l.
991 2899 1057 2939 11⁸
1088 2913 1125 2951 p.
1149 2899 1233 2939 524
1252 2911 1313 2949 sq.

368 2960 397 3013 4)
431 2963 486 3001 Cf.
518 2963 581 3003 W.
600 2963 638 3003 S.
655 2961 823 3007 Teuffel,
849 2961 991 3000 Gesch.
1010 2961 1045 2999 d.
1063 2963 1158 2999 rbm.
1174 2959 1247 2998 Lit.
1265 2971 1301 2997 a.
1324 2956 1467 2998 1890⁶
1487 2969 1524 3007 p.
1545 2956 1658 2997 1070
1681 2954 1708 3010 ξ
1724 2956 1825 3001 421,
1844 2954 1884 2994 8.
