1936 3366
774 298 1072 340 -47-

105 416 326 467 viryinibus.
367 416 408 459 V
426 415 512 459 509
536 419 692 458 conectis
710 419 874 469 geminos
893 420 952 458 vel
969 420 1062 459 nube
1082 420 1139 459 vel
1154 419 1237 470 ique
1252 419 1467 470 im’muphos.
1509 416 1738 462 Cassiod.

104 498 196 529 var.
219 485 298 539 (ed.
323 485 584 541 Mommsen)
615 501 656 544 p.
679 488 747 543 13,
765 488 804 531 3.
846 488 918 543 52,
936 488 974 531 2.

578 654 636 700 G.
670 653 743 700 De
774 654 1156 712 praepositione
1187 668 1268 701 ex.

449 763 490 792 v.
515 749 631 792 2476
662 749 815 804 Longa
844 763 952 793 nam
984 750 1036 793 fit
1065 750 1200 794 tertia

665 822 941 864 consonante
974 835 1029 866 ex
1060 820 1213 865 altera.

227 902 501 959 Praepositio
532 918 581 945 αι·
610 917 644 948 c.
666 903 751 947 abl.
782 903 867 947 hoc
896 903 993 948 loco
1026 904 1248 960 significat
1280 918 1464 948 causam
1495 906 1631 961 atque
1660 918 1738 961 pro

104 972 233 1017 nudo
274 973 474 1017 ablativo
516 988 544 1017 a
585 975 853 1018 Terentiano
894 976 1040 1032 posita
1082 979 1163 1020 est.
1226 974 1353 1029 Quod
1382 976 1472 1019 iam
1503 978 1640 1020 antea
1669 975 1738 1018 in-

104 1044 300 1101 venitur,
357 1045 570 1103 imprimis
626 1048 780 1090 autem
835 1061 934 1090 cum
984 1047 1118 1091 verbo
1176 1050 1398 1089 commoveri
1442 1046 1737 1091 coniunctum.

105 1116 342 1173 Apuleius,
384 1116 553 1172 Florus,
597 1116 764 1161 Gellius
806 1119 868 1162 sic
907 1118 1281 1176 praepositionem
1320 1134 1368 1160 ωε
1397 1120 1737 1175 usurpaverunt.

109 1189 175 1231 At
203 1201 309 1231 vero
341 1203 388 1230 αι·
418 1202 517 1232 cum
549 1189 685 1233 verbo
715 1192 810 1241 fieri
839 1190 1122 1234 coniunctum
1162 1190 1388 1233 invenitur
1427 1189 1738 1237 tantummodo

112 1257 230 1315 apud
260 1258 523 1304 Lactant.
545 1261 624 1314 19,
643 1262 670 1303 6
702 1276 749 1302 mc
778 1276 849 1313 quo
880 1264 925 1311 fit
953 1267 1005 1316 ut,
1036 1262 1107 1305 III
1126 1262 1268 1316 19,16
1300 1260 1487 1318 aliisque
1516 1261 1668 1315 locis.¹)

224 1414 348 1458 Haec
378 1415 609 1459 hactenus.
656 1415 874 1468 Quoniam
905 1430 1009 1460 vero
1042 1416 1088 1459 in
1119 1416 1328 1473 proximis
1360 1415 1583 1459 Lactantii
1613 1429 1737 1458 men-

108 1486 276 1529 tionem
307 1485 405 1542 feci,
439 1486 876 1531 observatiunculam
896 1488 1164 1531 intertexam
1188 1501 1302 1544 quae
1324 1487 1471 1530 minus
1492 1500 1737 1531 sermonem

108 1570 243 1614 quam
273 1571 366 1600 rem
398 1560 584 1615 spectat.
645 1558 751 1602 Dico
784 1572 899 1615 quae
919 1558 1129 1614 leguntur
1158 1559 1204 1601 in
1234 1572 1276 1600 V.
1299 1558 1385 1601 236
1402 1572 1465 1615 sq.

227 1630 414 1685 quartae
447 1629 550 1683 (scil.
572 1629 613 1672 N
633 1629 822 1684 litterae)
850 1630 1023 1674 sonitus
1054 1629 1239 1684 fingitur
1268 1642 1411 1686 usque
1442 1628 1526 1672 sub
1556 1627 1721 1685 palato,

227 1713 314 1756 quo
347 1700 529 1758 spiritus
561 1715 724 1758 anceps
756 1703 884 1745 coeat
914 1701 1035 1744 naris
1066 1703 1113 1744 et
1144 1701 1243 1745 oris.

110 1770 236 1824 Quod
281 1771 576 1815 Terentianus
618 1772 663 1815 in
700 1773 1064 1830 pronuntiatione
1098 1788 1123 1814 η
1163 1772 1339 1815 litterae
1381 1771 1494 1814 coire
1535 1770 1736 1827 spiritum

108 1842 230 1886 naris
272 1845 317 1886 et
359 1843 445 1887 oris
487 1843 611 1899 dixit,
658 1844 817 1887 mirum
858 1858 948 1887 non
980 1846 1062 1899 est,
1111 1843 1148 1886 si
1178 1841 1477 1886 Lactantii
1522 1841 1661 1885 verba
1689 1840 1737 1885 in

108 1914 485 1971 comparationem
527 1929 753 1970 vocamus,
796 1929 911 1972 quae
952 1916 998 1958 in
1040 1914 1251 1972 opusculo
1293 1913 1347 1956 de
1388 1912 1490 1971 opif.
1522 1912 1593 1956 dei
1623 1926 1658 1956 c.
1680 1913 1737 1955 10

110 1987 304 2029 exstant.
364 1985 515 2030 Verba
554 1988 708 2030 autem
747 1988 855 2029 sunt
894 1986 1027 2030 haec:
1076 1988 1214 2039 (naso)
1258 1988 1335 2027 tria
1369 1990 1457 2027 sunt
1495 1986 1625 2035 officia
1654 1997 1736 2026 con-

115 2060 258 2099 stituta.
315 2061 436 2100 Unum
472 2060 629 2100 ducendi
657 2061 826 2110 spiritus,
858 2061 1016 2100 alterum
1047 2059 1219 2109 capiendi
1250 2059 1387 2115 odoris,
1421 2060 1569 2098 tertium
1597 2061 1641 2098 ut
1660 2070 1739 2107 pm·

110 2131 190 2171 eius
220 2143 398 2171 cavernas
420 2135 669 2182 puryamenta
699 2132 839 2172 cerebn‘
865 2131 1041 2181 defluant.

227 2283 430 2327 Vidimus
460 2284 594 2340 igitur
614 2284 930 2328 Terentianum
951 2283 1155 2327 Maurum
1186 2296 1276 2327 non
1295 2296 1484 2340 parvum
1503 2294 1737 2324 numerum

109 2355 359 2410 verborum,
392 2369 507 2412 quae
526 2355 659 2412 plane
681 2356 943 2413 scriptorum
963 2354 1216 2412 posterioris
1237 2353 1403 2397 aetatis
1423 2353 1595 2409 propria
1614 2356 1732 2399 sunt.

108 2439 387 2470 communem
406 2426 571 2470 habere
591 2440 673 2471 nec
693 2441 784 2470 non
813 2426 1037 2470 interdum
1056 2425 1275 2470 vocabula
1296 2438 1431 2468 sensu
1451 2422 1740 2467 insolentiore

110 2497 378 2553 adhibuisse,
410 2512 497 2556 quo
527 2498 574 2541 in
604 2497 809 2541 inferiore
839 2497 1067 2541 latinitate
1097 2496 1398 2541 inveniuntur.
1449 2494 1572 2548 Quae
1597 2493 1736 2538 verba

109 2569 147 2611 si
187 2569 286 2626 quis
327 2569 422 2612 sine
462 2569 529 2612 ira
571 2571 618 2613 et
658 2569 806 2612 studio
848 2568 1184 2626 contemplatur,
1225 2567 1323 2610 fieri
1363 2580 1454 2609 non
1483 2567 1644 2622 potest,
1685 2568 1736 2608 ut

109 2640 362 2696 scriptorem
393 2639 571 2684 saeculo
601 2655 641 2698 p.
663 2639 759 2684 Chr.
780 2654 821 2683 n.
844 2639 982 2683 altero
1015 2639 1241 2696 scripsisse
1272 2638 1464 2682 censeat.

230 2807 259 2860 ¹)
292 2809 349 2848 cf.
370 2810 412 2849 Ε.
434 2810 619 2860 Draeger,
653 2810 802 2848 Histor.
825 2809 981 2859 Syntax
1013 2809 1082 2847 der
1110 2809 1179 2846 lat.
1212 2807 1399 2858 Sprache,
1433 2806 1492 2844 ed.
1514 2805 1550 2844 ΙΙ
1580 2817 1619 2856 p.
1635 2806 1734 2845 638.
