1936 3366
892 297 1189 340 —48—

896 427 928 471 G
940 442 968 472 a
978 442 1006 485 p
1019 442 1049 471 u
1059 429 1080 471 t
1111 426 1181 471 VI.

727 511 815 567 De
854 526 920 567 re
957 512 1342 580 prosodiaca.

337 629 485 674 Etiam
506 644 718 674 mensura
738 630 1027 688 syllabarum,
1061 645 1150 688 qua
1171 630 1466 674 Terentianus
1497 627 1721 674 interdum
1750 643 1861 674 usus

216 704 298 758 est,
341 701 615 759 impedimur,
659 702 896 759 quominus
933 702 1190 760 scriptorem
1231 701 1410 746 saeculo
1453 700 1649 745 secundo
1694 700 1860 746 vixisse

215 775 436 830 putemus.
497 774 793 817 Inveniuntur
830 774 948 817 enim
985 773 1227 818 nonnullae
1257 773 1464 818 licentiae
1494 772 1781 831 prosodiacae
1813 773 1861 817 in

216 844 472 889 Terentiani
502 845 718 901 versibus,
752 859 868 903 quae
900 845 987 889 nisi
1016 846 1063 889 in
1095 845 1301 903 operibus
1323 845 1585 903 scriptorum
1605 844 1860 903 posterioris

215 917 379 960 aetatis
410 930 502 960 non
534 919 729 961 exstant.
791 916 889 971 Qua
921 932 977 960 ex
997 931 1043 962 re
1066 916 1417 962 concludendum
1444 918 1515 960 est
1535 930 1626 960 non
1646 929 1861 972 magnum

214 988 427 1046 temporis
440 989 637 1046 spatium
659 989 775 1033 inter
796 989 1116 1033 Terentianum
1138 991 1184 1034 et
1204 989 1286 1033 hos
1309 989 1544 1046 scriptores
1564 987 1860 1032 intercedere.

332 1131 529 1175 Primum
561 1132 615 1176 de
647 1145 726 1176 an
756 1131 1000 1190 particulae
1022 1147 1234 1177 mensura
1254 1132 1559 1177 disserendum
1581 1133 1661 1176 est.
1714 1131 1859 1185 Quam

214 1200 475 1261 particulam
509 1204 806 1248 Terentianus
838 1204 1047 1262 produxit
1077 1205 1146 1248 his
1178 1206 1224 1248 in
1255 1204 1484 1249 versibus:

417 1288 504 1331 316
537 1301 672 1345 opera
702 1287 830 1332 n‘obis
862 1288 974 1333 haec
1003 1288 1151 1332 inanis
1183 1302 1242 1332 an
1272 1288 1319 1332 in
1350 1302 1484 1332 usum
1513 1287 1718 1345 impensa
1748 1287 1818 1331 sit.

417 1360 503 1403 728
534 1373 728 1417 namque
761 1374 942 1417 equos
963 1359 1036 1404 vel
1067 1374 1304 1418 aequos,
1336 1373 1553 1418 aequor
1584 1372 1644 1402 an
1665 1372 1854 1416 aquam

545 1445 645 1475 cum
677 1432 922 1488 scribimus,

417 1503 502 1547 733
535 1504 651 1547 sicut
680 1503 780 1560 illic,
826 1517 926 1547 cum
964 1503 1207 1561 querela
1238 1506 1285 1548 et
1315 1516 1533 1560 aequor
1575 1516 1635 1546 an
1666 1515 1855 1560 aquam

496 1607 498 1609 »
542 1577 688 1631 notas,

417 1647 502 1690 793
534 1646 708 1690 huius
741 1661 799 1690 an
831 1648 964 1691 huic
995 1647 1189 1692 solemus
1220 1662 1326 1691 nam
1356 1646 1615 1704 frequenter
1646 1645 1790 1690 dicere
1803 1647 1855 1700 ¹):

214 1730 285 1773 Sic
325 1729 407 1774 hos
449 1744 606 1774 versus
647 1730 695 1774 in
732 1730 924 1775 editione
955 1730 1274 1775 Mediolanensi
1312 1731 1498 1788 scriptos
1528 1729 1736 1785 legimus;
1774 1728 1855 1772 sed

214 1801 406 1845 editores
451 1803 631 1860 propter
681 1816 937 1846 mensuram
988 1802 1232 1860 particulae
1277 1818 1328 1845 an
1374 1802 1667 1846 mutaverunt
1715 1802 1852 1858 atque

212 1873 257 1916 in
299 1887 341 1918 v.
362 1874 449 1917 316
490 1889 597 1926 anne,
643 1874 689 1918 in
719 1889 792 1918 vv.
816 1875 916 1930 728,
965 1875 1064 1930 733,
1114 1875 1199 1918 793
1244 1880 1312 1917 aut
1351 1874 1609 1931 posuerunt.
1681 1871 1855 1926 Quibus

213 1945 420 1988 assentiri
450 1959 541 1989 non
571 1959 766 2002 possum,
805 1946 995 2004 primum
1027 1945 1145 2004 quod
1176 1960 1358 1990 causam
1391 1945 1570 1989 omnino
1602 1958 1694 1988 non
1724 1942 1855 1988 video

212 2016 495 2073 immutandi;
541 2018 675 2061 immo
716 2017 829 2061 haec
873 2018 1078 2076 exempla
1116 2018 1309 2061 invicem
1350 2016 1598 2061 defendunt
1639 2014 1853 2072 deestque

214 2088 357 2132 omnis
389 2089 558 2146 species
590 2089 695 2144 veri,
729 2090 806 2133 ubi
827 2091 897 2133 tot
927 2089 1132 2146 exempla
1165 2089 1472 2144 emendamus,
1504 2090 1601 2131 tum
1633 2085 1751 2145 quod
1779 2085 1852 2130 hic

213 2174 323 2203 usus
365 2159 688 2205 consuetudine
718 2161 975 2219 posterioris
1017 2161 1181 2205 aetatis
1224 2160 1487 2205 defenditur.
1549 2159 1718 2216 Nempe
1762 2171 1853 2202 non

213 2232 343 2275 modo
366 2232 483 2290 apud
507 2232 825 2276 Terentianum
855 2248 905 2275 an
931 2232 1150 2291 particula
1170 2231 1385 2290 producta
1405 2231 1580 2287 legitur,
1614 2229 1693 2274 sed
1714 2229 1853 2274 etiam

214 2302 333 2360 apud
363 2303 595 2347 Juvenc.
627 2304 768 2348 11515
808 2320 859 2346 an
898 2307 1016 2347 aliam
1054 2310 1218 2358 superest
1249 2309 1341 2357 post
1378 2307 1467 2346 haec
1496 2317 1650 2355 sperare
1678 2305 1852 2344 salutem.

211 2374 372 2418 111326
402 2390 453 2417 an
482 2378 569 2417 istic
599 2381 721 2418 tantae
758 2379 968 2428 spectacula
999 2391 1145 2418 cernere
1175 2379 1285 2418 molis
1316 2378 1535 2420 Conveniat.
1598 2372 1657 2417 IV
1679 2373 1767 2417 528
1800 2387 1851 2415 an

212 2461 276 2499 eqo
320 2462 395 2489 non
432 2460 587 2499 possum
632 2450 803 2490 caelestia
848 2453 973 2490 castra
1016 2463 1160 2491 vocare.
1221 2447 1411 2503 Prosp.
1444 2445 1498 2489 de
1529 2445 1689 2500 ingrat.
1714 2444 1850 2499 lov)

214 2518 418 2562 Ceterum
438 2519 485 2561 in
505 2533 546 2562 v.
563 2518 642 2562 illo
665 2519 750 2562 793
774 2519 910 2563 etiam
932 2518 990 2563 ad
1009 2523 1033 2561 h
1063 2519 1260 2563 litteram
1280 2518 1508 2576 productio
1528 2515 1679 2560 referri
1698 2518 1852 2573 potest

214 2592 362 2647 (supra
392 2604 431 2647 p.
456 2591 537 2645 17).

330 2733 381 2777 In
424 2737 520 2778 cui
562 2734 713 2778 dativo
755 2734 1044 2792 pronominis,
1089 2748 1221 2792 quem
1256 2735 1416 2790 poetae
1451 2732 1646 2788 Augusti
1682 2731 1849 2775 aetatis

213 2817 303 2847 non
364 2805 449 2848 nisi
509 2820 602 2849 una
663 2805 838 2864 syllaba
897 2806 1184 2863 pronuntiare
1252 2803 1481 2860 solebant,
1554 2802 1849 2847 Terentianus

331 2925 361 2976 1)
395 2927 505 2966 Gonf.
528 2928 680 2973 Werth.
714 2929 772 2967 De
804 2929 888 2967 Ter.
912 2941 1027 2967 serm.
1051 2930 1092 2967 et
1122 2929 1198 2968 aet.
1230 2939 1320 2977 pag.
1346 2927 1443 2965 354.

334 2984 361 3035 2)
396 2986 450 3024 Cf.
474 2987 589 3026 Thes.
613 2987 647 3026 II
669 2989 702 3028 1.
