1936 3366
749 294 1047 336 ..11-

76 413 295 458 nominati
326 414 489 457 essent.
535 413 597 457 At
626 425 732 456 vero
763 411 935 455 nullam
965 412 1055 455 vim
1077 411 1247 455 habent
1267 410 1330 454 illi
1351 409 1480 454 Gellii
1502 412 1547 453 et
1568 409 1709 454 Servii

75 485 173 540 loci,
206 484 324 542 quod
354 486 473 529 recte
505 484 792 528 observatum
824 485 894 527 est
925 497 953 527 a
983 482 1230 527 Friederico
1262 482 1349 526 Leo
1381 482 1428 525 in
1458 482 1605 526 Herm.
1625 480 1712 525 vol.

76 555 221 600 XXIV
243 558 294 610 (a.
315 556 442 610 1889)
474 570 513 613 p.
537 555 624 599 294
656 555 755 599 adn.
773 556 817 598 2:
854 554 960 611 „Die
983 553 1153 598 Stellen
1184 568 1267 597 aus
1288 553 1459 597 Probus
1489 567 1544 596 zu
1565 551 1713 607 Vergil

77 627 170 671 und
202 626 370 671 Gellius
412 626 636 671 beweisen
668 625 838 670 freilich
868 625 1026 681 nichtS,
1069 626 1133 669 sie
1165 624 1385 669 betreffen
1416 624 1485 668 die
1516 625 1713 679 νεώτεροι

79 698 154 743 der
193 697 507 752 Homerkritik,
550 697 642 741 und
683 711 732 741 so
776 696 885 742 wird
927 711 975 740 es
1016 695 1302 751 zweifelhaft,
1345 695 1401 740 ob
1431 694 1714 752 Pomponius,

78 770 248 814 Seneca
278 768 371 813 und
401 769 567 813 Petron
597 783 652 812 zu
683 767 768 812 den
799 767 1021 811 Neoterici
1052 768 1319 823 gehoren“.1)

197 841 305 884 Tres
336 842 488 884 autem
519 842 627 884 sunt
658 853 834 894 causae,
868 839 1029 896 quibus
1062 840 1308 882 commotus
1342 838 1522 882 Schultz
1553 838 1715 881 Teren-

78 913 254 956 tianum
273 912 452 956 saeculo
475 911 615 955 altero
638 911 865 968 scripsisse
889 912 1050 955 censet.
1104 911 1251 967 Atque
1273 910 1462 966 primum
1481 911 1716 967 poetarum

78 982 367 1039 novellorum,
392 997 502 1040 quos
523 983 701 1026 saeculo
724 982 918 1026 secundo
941 981 1105 1039 optimo
1127 982 1221 1025 iure
1243 981 1460 1035 attribuit,
1481 979 1715 1038 aequalem

79 1055 397 1098 Terentianum
427 1054 565 1098 fuisse
597 1053 827 1097 contendit
857 1055 1090 1110 propterea
1122 1053 1226 1109 quia
1252 1052 1370 1110 apud
1391 1052 1510 1095 hunc
1531 1051 1717 1106 legimus

78 1126 125 1169 in
155 1140 198 1170 v.
221 1126 354 1170 1891:

374 1199 518 1239 Dulcia
547 1199 750 1250 Septimius
779 1199 844 1249 qui
873 1198 1026 1248 scripsit
1056 1199 1232 1248 opuscula
1261 1211 1430 1248 nuper.

81 1268 262 1313 Schultz
308 1268 426 1312 enim
472 1270 606 1325 putat
651 1267 910 1311 adverbium
955 1283 1074 1320 nuper
1116 1282 1143 1310 a
1184 1267 1450 1311 Terentiano
1491 1267 1574 1310 hoc
1614 1265 1712 1311 loco

80 1339 251 1395 volgari
282 1354 418 1383 sensu
449 1340 644 1397 positum
677 1354 774 1383 esse
803 1341 849 1383 et
870 1339 1120 1394 significare
1145 1352 1251 1396 „vor
1270 1338 1463 1394 kurzem,
1496 1337 1716 1391 neulich“,

79 1411 126 1455 id
147 1413 216 1455 est
241 1410 491 1468 „nonnullis
513 1411 669 1454 diebus
690 1410 764 1454 vel
784 1410 1012 1454 mensibus
1034 1410 1107 1454 vel
1128 1410 1258 1454 annis
1280 1410 1428 1453 ante“.
1469 1407 1717 1453 Dummodo

80 1483 215 1538 igitur
255 1497 374 1535 nuper
414 1481 686 1538 adverbium,
728 1482 775 1526 in
807 1482 932 1525 cuius
971 1481 1296 1537 significatione
1329 1480 1459 1525 cardo
1492 1481 1621 1538 quasi
1651 1480 1715 1523 rei

81 1554 283 1609 vertitur,
321 1553 432 1597 nihil
462 1553 583 1597 aliud
612 1553 699 1597 nisi
734 1567 839 1610 „vor
868 1553 1074 1596 kurzem“
1109 1552 1306 1607 intellegi
1336 1566 1468 1610 posse
1501 1554 1716 1607 sumatur,

83 1625 287 1683 quaestio
308 1625 398 1669 iam
419 1625 653 1682 profligata
674 1627 744 1668 est
765 1628 811 1668 et
832 1623 1162 1668 concedendum
1183 1624 1499 1668 Terentianum
1521 1623 1722 1680 Septimii

84 1697 237 1740 Sereni
267 1696 501 1754 aequalem
531 1697 556 1740 i.
579 1711 615 1740 e.
637 1696 815 1740 saeculo
846 1710 886 1753 p.
908 1695 1003 1739 Chr.
1025 1709 1066 1739 n.
1089 1694 1282 1739 secundo
1304 1694 1454 1739 fuisse.
1507 1694 1594 1738 Sed
1613 1693 1722 1737 illud

81 1769 229 1825 ipsum
261 1767 530 1812 dubitationi
560 1767 690 1812 valde
722 1767 962 1811 obnoxium
994 1768 1075 1822 est,
1115 1766 1232 1824 quod
1263 1767 1487 1810 neminem
1518 1764 1720 1810 animad-

83 1839 271 1883 vertisse
318 1839 459 1883 miror.
530 1842 664 1892 Nuper
710 1839 827 1882 enim
867 1853 956 1882 non
998 1838 1143 1881 solum
1183 1837 1256 1882 illo
1297 1838 1529 1881 usitatiore
1571 1851 1719 1892 sensu,

85 1910 163 1954 sed
185 1910 322 1954 etiam
343 1910 406 1954 de
437 1909 700 1965 longiore
731 1912 984 1967 tempore
1016 1909 1162 1967 quod
1193 1909 1525 1953 antecessit
1556 1909 1722 1952 dictum

83 1982 254 2038 legitur.
296 1982 452 2039 Itaque
485 1981 804 2039 explorandum
836 1983 917 2036 est,
951 1995 1037 2038 quo
1069 1980 1199 2025 modo
1232 1980 1493 2024 adverbium
1524 1979 1722 2024 hocloco

86 2054 145 2098 sit
188 2053 581 2111 interpretandum.
654 2053 780 2106 Quod
826 2052 1053 2096 diiudicari
1098 2066 1189 2095 non
1229 2054 1378 2109 potest
1417 2052 1505 2095 nisi
1546 2053 1584 2095 si
1624 2051 1722 2094 aliis

85 2125 358 2180 argumentis
404 2124 553 2168 allatis
600 2139 689 2182 qua
736 2126 887 2168 aetate
935 2124 1230 2167 Terentianus
1280 2123 1415 2166 suerit
1461 2122 1722 2167 declaratur.

84 2196 249 2240 Postea
289 2195 537 2240 videbimus
580 2210 752 2251 causas,
784 2196 946 2253 quibus
980 2195 1160 2239 Schultz
1192 2195 1507 2239 Terentianum
1540 2193 1718 2237 saeculo

87 2266 281 2311 secundo
323 2267 657 2311 attribuendum
700 2281 799 2310 esse
842 2267 1195 2321 commendabat,
1240 2280 1397 2323 parum
1429 2267 1572 2309 certas
1605 2278 1723 2319 esse,

90 2339 196 2395 quin
228 2338 365 2382 etiam
397 2340 662 2393 argumenta
693 2352 773 2393 ego
805 2352 876 2382 me
907 2338 1132 2382 invenisse
1164 2336 1353 2393 confido,
1387 2351 1500 2394 quae
1528 2350 1619 2380 non
1638 2336 1726 2379 nisi

87 2409 264 2453 saeculo
306 2410 437 2453 tertio
469 2409 785 2454 Terentianum
821 2410 980 2453 florere
1011 2410 1211 2467 potuisse
1240 2409 1452 2452 indicant.
1516 2408 1725 2465 Sequitur

87 2482 141 2524 ut
161 2481 476 2525 Terentianum
506 2481 553 2524 in
584 2496 626 2525 v.
651 2482 763 2524 1891
797 2480 1007 2524 adverbio
1039 2496 1158 2533 nuper
1187 2480 1344 2524 latiore
1377 2494 1512 2523 sensu
1542 2479 1616 2522 illo
1650 2478 1724 2535 qui

89 2553 160 2595 est
193 2566 299 2609 „vor
320 2552 497 2596 Zeiten“
532 2566 664 2595 usum
696 2566 794 2596 esse
827 2554 1095 2596 statuamus.
1146 2550 1301 2609 Neque
1334 2550 1573 2608 quidquam
1597 2549 1725 2593 obest

90 2623 153 2666 sic
183 2623 414 2667 statuenti.
461 2623 578 2667 Nam
608 2637 698 2667 non
728 2624 794 2667 ita
824 2638 921 2667 raro
953 2623 1065 2667 haec
1097 2622 1363 2678 significatio
1385 2623 1547 2665 exstat.
1595 2620 1725 2677 Quod

90 2696 142 2737 ut
161 2695 440 2751 perspicuum
460 2695 557 2750 fiat,
591 2694 876 2739 conferantur
897 2694 982 2739 loci
1002 2695 1059 2738 hi.
1107 2695 1228 2750 cic„
1262 2693 1316 2738 de
1350 2692 1436 2737 div.
1457 2694 1491 2747 I,
1508 2693 1582 2737 86:
1616 2695 1726 2746 Quod

89 2769 169 2807 iam
207 2768 306 2816 facis
344 2769 386 2807 in
425 2769 665 2818 divinatione,
706 2782 818 2819 quam
848 2772 891 2808 ut
921 2769 1105 2808 ceruimus
1135 2768 1211 2818 ipsi
1240 2771 1276 2807 et
1303 2767 1477 2806 audimus
1506 2770 1542 2806 et
1570 2767 1727 2818 leqimus

90 2842 125 2878 et
152 2852 178 2878 a
199 2840 376 2889 patribus
395 2840 610 2890 accepimus.
658 2840 785 2890 Neque
803 2843 888 2879 aute
901 2840 1182 2889 philosophiam
1195 2840 1439 2888 patefactam,
1470 2851 1563 2888 quae
1582 2850 1726 2888 nuper

211 2980 241 3033 1)
274 2983 327 3021 cf.
351 2982 471 3020 etiam
502 2983 548 3023 K.
570 2983 758 3032 Wagner,
794 2983 864 3023 1.1.
897 2995 933 3032 p.
957 2983 983 3020 8
1016 2983 1107 3020 adn.
1135 2982 1169 3020 l.
