1936 3366
348 390 483 434 tertia
513 389 584 433 his
616 389 734 447 quod
764 389 981 447 implicari
1012 389 1137 434 nulla
1167 389 1337 434 vocalis
1368 391 1531 447 potest,

349 461 428 506 sed
461 460 576 505 duae
607 461 722 505 fient
753 475 931 505 seorsae
963 460 1166 519 syllabae
1197 475 1275 519 per
1306 476 1354 505 se
1386 462 1557 506 breves,

350 534 447 590 qui‘
478 547 654 590 super
685 533 749 577 sic
779 532 969 577 inveniri
1002 532 1209 591 dactylus
1239 533 1329 577 iam
1360 547 1452 577 non
1483 535 1646 591 potest,

232 605 317 648 700
350 604 548 663 syllabas
579 604 658 648 sed
689 619 768 662 pes
800 604 986 648 habebit
1017 607 1232 662 quattuor
1261 607 1384 649 totas
1416 605 1586 649 breves.

347 676 588 734 principale
620 675 700 720 sed
730 675 936 720 videmus
969 691 1068 720 esse
1101 677 1254 734 quis,
1287 691 1373 734 quo
1405 676 1606 721 nascitur

349 749 468 806 qui',
502 746 705 792 dativum
737 747 915 805 quando
948 762 1102 792 casum
1132 748 1246 792 ratio
1279 749 1495 792 sermonis
1525 750 1660 805 petet.

230 832 576 876 Petrecinus
619 831 810 876 adnotat
850 832 962 876 haec
976 833 1022 887 ¹):
1074 831 1318 889 „Quoniam
1361 832 1559 890 proxime
1601 831 1715 876 dixit
1753 831 1876 877 hunc

230 903 434 948 dativum
461 907 523 945 cui
543 917 642 947 esse
665 904 845 947 unicam
866 902 1086 961 syllabam
1108 903 1373 948 naturaliter
1392 904 1586 953 brevem,
1621 903 1700 947 sed
1720 905 1874 948 tamen

228 975 321 1019 fieri
363 974 543 1031 longam
585 978 800 1032 sequente
845 978 1121 1019 consonante
1163 977 1342 1033 propter
1380 975 1649 1033 positionem
1685 976 1713 1032 i,
1756 989 1872 1033 quae

230 1061 483 1091 consonans
506 1047 638 1091 estin
656 1061 710 1091 ea
725 1048 852 1105 parte
871 1047 1084 1091 orationis
1101 1050 1174 1103 cui,
1199 1049 1244 1090 et
1260 1049 1521 1104 sequentem
1540 1050 1875 1104 consonantem,

230 1121 281 1162 ut
311 1119 359 1162 in
390 1119 688 1176 superioribus
721 1118 951 1175 exemplis:
982 1133 1103 1163 nunc
1133 1119 1283 1163 innuit
1311 1133 1395 1162 nos
1423 1121 1520 1163 tum
1543 1118 1722 1162 demum
1742 1131 1874 1176 posse

230 1204 494 1245 cognoscere
536 1193 688 1234 utrum
729 1191 777 1234 in
817 1190 902 1234 hoc
944 1190 1097 1234 dativo
1138 1191 1154 1233 i
1195 1204 1447 1234 consonans
1489 1190 1550 1234 sit
1589 1189 1745 1234 ultimo
1776 1189 1872 1234 loco

229 1262 389 1319 posita,
423 1276 483 1306 an
515 1277 545 1305 u
575 1261 859 1319 praecedens,
892 1263 930 1305 si
950 1263 1072 1320 prius
1094 1262 1433 1306 discusserimus
1463 1264 1615 1306 utrum
1645 1276 1723 1320 per
1754 1276 1783 1320 q
1813 1275 1874 1306 an

228 1348 306 1391 per
337 1347 361 1377 c
392 1333 523 1378 scribi
555 1334 734 1378 debeat:
767 1348 874 1377 nam
906 1334 944 1377 si
976 1348 1054 1392 per
1085 1349 1112 1391 q
1144 1334 1362 1389 scribitur,
1395 1333 1683 1378 inecessario
1705 1333 1873 1378 vocalis

230 1407 312 1456 est,
346 1406 383 1449 si
413 1419 491 1463 per
522 1420 557 1462 c,
592 1407 673 1449 aut
694 1405 1004 1463 monosyllaba
1025 1420 1114 1450 vox
1136 1406 1232 1462 erit,
1266 1408 1312 1449 et
1331 1407 1441 1449 tunc
1461 1406 1476 1449 i
1498 1419 1761 1461 consonans,
1793 1406 1875 1450 aut

230 1477 464 1535 disyllaba,
509 1480 555 1521 et
595 1479 705 1521 tunc
745 1492 777 1520 u
818 1479 864 1521 et
904 1477 920 1520 i
962 1477 1142 1522 vocales
1185 1480 1315 1522 erunt
1347 1479 1400 1521 ut
1430 1477 1550 1535 apud
1580 1477 1873 1521 Prudentium

228 1549 493 1593 invenitur.“

348 1633 644 1677 Terentianus
685 1633 821 1689 igitur
861 1633 931 1676 his
972 1633 1018 1676 in
1061 1633 1263 1677 versibus
1296 1633 1409 1677 duas
1441 1632 1582 1677 dativi
1612 1632 1780 1676 formas
1811 1635 1875 1674 cui

230 1707 277 1748 et
297 1708 363 1757 qui
383 1704 605 1749 discernit.
652 1704 741 1749 Sed
762 1719 864 1748 cum
885 1704 1029 1748 forma
1049 1708 1115 1758 qui
1135 1704 1218 1748 sub
1239 1705 1387 1763 ipsum
1403 1704 1686 1762 antiquitatis
1703 1705 1873 1748 exitum

229 1778 327 1820 orta
358 1777 418 1820 sit
447 1790 531 1820 nec
552 1778 703 1833 antea,
726 1777 862 1820 etiam
884 1777 1193 1832 Terentianus,
1226 1777 1300 1834 qui
1322 1776 1376 1822 de
1398 1777 1484 1820 hac
1503 1776 1645 1820 forma
1666 1775 1870 1832 disserat,

230 1847 408 1891 cadenti
438 1849 581 1892 aetati
612 1848 931 1892 adscribendus
964 1850 1045 1892 est.
1098 1851 1174 1902 Qui
1194 1849 1312 1892 enim
1333 1847 1435 1891 inde
1460 1862 1488 1891 a
1509 1846 1687 1891 saeculo
1709 1850 1870 1905 quarto

228 1920 274 1962 in
305 1934 393 1962 usu
425 1921 496 1963 est
524 1921 661 1977 atque
682 1919 940 1977 frequenter
961 1934 996 1964 e.
1013 1934 1051 1975 g.
1073 1920 1120 1963 in
1142 1919 1289 1964 codice
1311 1919 1565 1963 Florentino
1587 1919 1872 1975 Digestorum

228 1991 434 2046 legitur.²)
498 1991 613 2044 Quin
660 1992 797 2035 etiam
844 1990 1201 2049 Optatianus
1242 1990 1551 2049 Porfyrius
1596 1990 1682 2034 hac
1726 1989 1872 2034 forma

228 2066 294 2115 qui
338 2077 448 2106 usus
496 2064 577 2106 est.
650 2063 716 2106 De
758 2077 845 2120 quo
887 2062 1122 2106 adeundus
1164 2063 1242 2106 Th.
1274 2063 1381 2119 Birt,
1429 2062 1737 2118 Jugendverse
1778 2061 1872 2106 und

229 2134 560 2192 Heimatpoesie
591 2134 777 2191 Vergils,
822 2134 1071 2190 Erklarung
1112 2134 1190 2178 des
1223 2133 1501 2192 Catalepton,
1544 2133 1721 2191 Leipzig
1754 2134 1870 2178 1910

228 2221 269 2263 p.
290 2206 365 2249 51:
401 2205 661 2263 „Lehrreich
692 2207 753 2250 ist
782 2206 899 2250 noch
921 2206 999 2250 der
1019 2206 1201 2250 Dichter
1222 2205 1494 2264 Optatianus
1515 2205 1758 2264 Porfyrius,
1792 2203 1872 2249 der-

227 2278 288 2321 im
310 2277 610 2335 Panegyricus
633 2277 918 2321 Constantini
948 2278 990 2332 3,
1005 2278 1032 2321 8
1066 2277 1143 2332 (ed.
1165 2278 1210 2321 L.
1227 2277 1396 2332 Muller)
1429 2277 1619 2321 schrieb:
1650 2279 1702 2320 tu
1723 2277 1870 2334 quivis

230 2349 363 2392 docta
384 2348 580 2392 Camena
612 2349 740 2392 edere
763 2349 882 2393 dicta
902 2350 1074 2405 favens,
1108 2364 1193 2405 wo,
1227 2350 1312 2394 wie
1333 2349 1380 2393 L.
1398 2348 1555 2392 Mfiller
1575 2348 1691 2392 S.·33
1712 2347 1871 2404 richtig

230 2419 449 2476 anmerkt,
483 2420 628 2477 quivis
659 2420 733 2463 fur
764 2421 904 2464 cuivis
936 2421 1070 2465 steht.
1122 2422 1215 2464 Das
1243 2420 1433 2465 Gedicht
1465 2421 1543 2464 des
1565 2419 1778 2477 Optatian
1809 2420 1870 2463 ist

230 2492 336 2536 aber
377 2492 450 2535 ein
491 2505 669 2536 carmen
701 2492 968 2549 quadratum
1003 2493 1084 2536 mit
1114 2492 1269 2549 Akro-,
1313 2492 1441 2536 Tele·
1473 2491 1567 2535 und
1597 2490 1870 2536 Mesosticha

230 2562 321 2606 und
363 2563 432 2607 die
463 2563 750 2607 Buchstabcn
793 2563 868 2607 der
898 2564 1077 2608 Worter
1109 2565 1268 2608 stehen
1300 2563 1634 2607 unverrfickbar
1663 2561 1767 2618 fest,
1810 2561 1869 2606 da

350 2708 378 2759 ¹)
411 2710 466 2749 Cf.
498 2710 813 2761 Hephaestionis
854 2711 1115 2749 Alexandrini
1166 2710 1413 2749 enchiridion
1466 2710 1525 2748 ed.
1558 2709 1628 2748 Th.
1662 2709 1865 2748 Gaisford.

230 2770 372 2807 Oxonii
404 2782 440 2809 a.
467 2768 609 2809 18552
639 2772 735 2810 tom.
758 2769 794 2808 II
825 2782 862 2820 p.
885 2770 984 2809 462.

350 2827 379 2880 2)
413 2829 469 2868 Cf.
502 2830 572 2868 Th.
595 2830 692 2875 Birt,
736 2830 838 2869 Mus.
870 2830 997 2869 Rhen.
1044 2830 1123 2869 vol.
1147 2829 1198 2868 51
1247 2829 1297 2879 (a.
1323 2829 1448 2880 1896)
1492 2841 1529 2879 p.
1553 2829 1650 2868 504.
1713 2828 1866 2878 Sprach

230 2899 322 2925 man
364 2901 505 2927 avrum
547 2890 642 2928 oder
679 2890 854 2928 aurum?
916 2889 1019 2928 Mus.
1052 2890 1176 2928 Rhen.
1209 2889 1339 2939 suppl.
1364 2889 1418 2927 52
1463 2887 1511 2938 (a.
1539 2888 1664 2939 1897)
1707 2900 1744 2938 p.
1771 2887 1865 2927 191.

229 2947 377 2986 Archiv
407 2948 434 2986 f.
455 2949 525 2989 lat.
547 2949 754 2999 Lexikogr.
775 2949 847 2987 XV
878 2948 929 2999 (a.
955 2949 1082 3001 1908)
1115 2961 1151 2999 p.
1175 2949 1242 2987 81.
