1936 3366
770 282 1036 324 -7-

85 401 232 446 adhuc
274 403 344 445 est
384 400 530 445 dubia.
591 400 684 444 Nec
713 400 872 444 mirum
902 401 984 454 est,
1029 399 1148 456 quod
1177 399 1293 442 inter
1324 412 1372 441 se
1404 397 1719 455 discrepabant

88 473 339 517 sententiae
369 473 561 517 virorum
594 471 832 516 doctorum.

203 544 362 587 Varias
414 543 468 587 de
514 542 769 587 Terentiani
819 542 1090 599 temporibus
1141 541 1370 599 opiniones
1420 540 1718 584 vetustiorum

85 616 307 659 Santen
328 614 383 658 'in
424 615 617 658 editione
659 613 914 658 Terentiani
954 613 1144 657 Traiecti
1185 612 1243 656 ad
1282 612 1489 656 Rhenum
1531 625 1569 655 a.
1602 611 1717 654 1825

85 689 242 731 curata
261 685 398 744 praef.
419 700 458 743 p.
474 685 635 742 HIsqq.
654 685 911 742 composuit.
956 685 1157 728 Fuerunt
1177 683 1280 728 olim
1301 683 1377 740 qui
1397 683 1718 727 Terentianum

85 759 277 802 exeunte
307 757 446 815 primo
478 759 525 800 et
555 758 759 800 currente
790 755 984 800 secundo
1015 755 1192 799 saeculo
1222 754 1362 798 fuisse
1384 753 1719 808 contenderent3

82 830 264 873 fuerunt
295 828 370 886 qui
402 829 634 872 censerent
655 842 757 871 eum
782 841 862 881 „ea
882 828 1151 883 tempestate
1172 826 1389 877 floruisse,
1421 839 1511 882 qua
1529 825 1719 869 Latinae

83 900 259 944 litterae
279 900 326 943 in
346 898 541 943 Africam
562 899 886 953 migravissent‚
907 898 934 941 i.
956 912 991 942 e.
1008 897 1180 955 Apulei,
1203 896 1476 952 Tertulliani,
1499 896 1718 954 Cypriani,

85 971 298 1029 Septimii,
341 970 528 1014 aliorum
568 970 921 1027 temporibus“;²)
962 970 1143 1014 fuerunt
1183 969 1259 1026 qui
1299 982 1388 1012 non
1431 968 1571 1011 multo
1612 969 1719 1024 post

85 1042 301 1086 Senecam
330 1041 642 1099 philosophum
674 1055 776 1084 eum
805 1041 943 1085 fuisse
974 1043 1196 1098 putarent.
1248 1040 1411 1084 Omnes
1432 1039 1480 1082 hi
1500 1039 1583 1083 viri
1603 1038 1720 1082 docti

86 1113 360 1169 argumentis
390 1112 615 1157 futtilibus
647 1112 918 1156 sententiam
949 1127 1077 1156 suam
1109 1111 1492 1156 commendabant.

203 1184 368 1228 Contra
397 1184 564 1241 primus
587 1183 829 1228 Carolus
849 1183 1198 1239 Lachmann,
1231 1183 1299 1227 vir
1329 1182 1523 1225 maximo
1555 1182 1720 1236 ingenii

85 1256 300 1312 acumine,
319 1255 639 1311 diligentiorem
655 1255 964 1312 quaestionem
978 1255 1175 1299 instituit
1191 1268 1378 1312 eamque
1396 1254 1453 1297 ad
1467 1267 1570 1297 eum
1579 1254 1717 1297 finem

84 1327 289 1384 perduxit
319 1327 365 1370 in
396 1327 653 1371 Terentiani
684 1326 877 1370 editione
908 1340 946 1370 a.
971 1327 1085 1370 1836
1117 1326 1292 1382 emissa,
1326 1327 1377 1369 ut
1405 1325 1720 1369 Terentianum

87 1399 190 1442 sub
223 1398 400 1442 linem
432 1397 657 1442 saeculi
688 1412 727 1455 p.
751 1398 864 1442 Chr.
886 1412 927 1442 n.
950 1398 1119 1442 tertii
1148 1397 1287 1441 fuisse
1319 1398 1531 1441 censeret.
1593 1394 1719 1449 Quod

84 1470 294 1514 iudicium
315 1471 557 1527 antequam
579 1469 662 1513 sub
685 1483 874 1513 examen
889 1472 1083 1525 vocetur,
1103 1469 1279 1513 intersit
1293 1467 1569 1512 Lachmanni
1586 1481 1719 1522 argu-

85 1541 407 1585 mentationem
427 1541 600 1598 plenius
620 1540 793 1584 referre.
841 1541 1023 1598 Scripsit
1042 1541 1110 1584 vir
1131 1541 1288 1584 doctus
1308 1540 1355 1583 in
1375 1539 1509 1597 praef.
1525 1554 1564 1596 p.
1581 1538 1642 1581 XI
1653 1552 1717 1595 sq.

85 1613 170 1656 sic:
206 1614 439 1668 „Aetatem
460 1614 613 1656 autem
633 1612 889 1656 Terentiani
910 1612 1005 1656 dico
1026 1612 1163 1656 finem
1185 1612 1351 1656 saeculi
1371 1613 1474 1668 post
1494 1610 1715 1654 Christum

85 1686 244 1727 natum
274 1684 405 1727 tertii.
456 1698 562 1727 nam
594 1683 712 1740 quod
738 1698 840 1728 eum
861 1684 991 1728 multi
1010 1684 1264 1728 Domitiano
1284 1683 1530 1740 imperante
1552 1682 1718 1726 vixisse

89 1756 412 1810 existimarunt,
455 1755 586 1798 nimis
629 1769 805 1799 crassus
837 1769 954 1799 error
985 1758 1066 1810 est,
1108 1754 1382 1810 argumentis
1414 1754 1715 1807 confirmatus,

87 1830 139 1869 ut
169 1825 437 1870 Niebuhrius
468 1828 586 1869 recte
619 1828 773 1870 censet
794 1826 965 1880 (Kleine
997 1826 1219 1871 Schriften
1239 1826 1269 1883 I,
1299 1841 1338 1884 p.
1355 1827 1470 1883 347),
1502 1825 1715 1869 futilibus.

85 1898 379 1941 Ruhnkenius
402 1900 533 1953 certe,
564 1912 663 1942 cum
684 1897 738 1942 de
759 1898 1016 1942 Terentiani
1037 1900 1188 1942 aetate
1211 1898 1420 1942 scriberet
1440 1897 1498 1941 ad
1518 1896 1718 1940 Mallium

85 1969 363 2013 Theodorum
395 1983 435 2026 p.
458 1970 527 2024 21,
561 1968 682 2026 quali
713 1983 873 2024 genere
904 1969 1122 2013 scribendi
1150 1969 1222 2013 hic
1249 1972 1383 2026 poeta
1404 1968 1718 2024 grammaticus

85 2055 194 2084 usus
226 2042 358 2094 esset,
391 2043 488 2083 tum
518 2054 609 2084 non
639 2040 816 2084 videtur
845 2041 1102 2084 recordatus
1135 2054 1249 2084 esse:
1282 2040 1394 2084 adeo
1426 2041 1472 2083 et
1491 2039 1720 2083 vocabulis

85 2115 133 2156 et
161 2111 476 2169 particularum
506 2126 594 2155 usu
625 2114 671 2155 et
700 2113 800 2169 ipsa
830 2112 1064 2156 verborum
1092 2111 1377 2156 collocatione
1398 2112 1456 2155 ab
1476 2110 1562 2154 illis
1583 2110 1719 2155 felici-

86 2183 173 2226 oris
224 2183 387 2226 aetatis
439 2184 584 2240 poetis
634 2184 809 2227 recedit.
870 2185 1104 2241 praeterea
1149 2197 1282 2227 versu
1327 2183 1442 2227 2136
1479 2183 1715 2226 Annaeum

86 2254 301 2298 Senecam
318 2255 364 2297 et
374 2253 667 2311 Pomponium
683 2254 938 2298 Secundum
953 2255 1142 2310 tragicos
1157 2258 1327 2307 antiquos
1344 2254 1461 2308 dicit,
1474 2253 1715 2310 Pomponio

87 2328 239 2369 autem
269 2339 404 2368 versu
427 2326 541 2368 1974
562 2327 632 2369 sui
652 2326 863 2383 temporis
883 2330 1046 2369 minores
1066 2327 1257 2384 opponit.
1304 2325 1501 2369 Petronii
1522 2324 1718 2368 carmina

86 2399 184 2440 tum
222 2395 357 2451 vulgo
400 2397 499 2440 cani
539 2397 672 2440 solita
712 2411 810 2441 esse
842 2397 946 2441 dicit
986 2412 1027 2441 v.
1050 2398 1183 2453 24923
1223 2397 1290 2441 ita
1319 2399 1472 2441 tamen
1503 2398 1556 2439 ut
1585 2395 1718 2438 huius

87 2467 352 2511 versiculum
383 2467 580 2511 medium
609 2470 749 2524 ponat
778 2469 895 2512 inter
925 2469 1284 2526 antiquissimum
1314 2468 1473 2511 Naevii
1505 2469 1552 2511 et
1581 2469 1717 2508 novelli

86 2541 246 2595 poetae
279 2552 468 2595 carmen,
501 2554 542 2582 v.
565 2540 876 2596 2528—2534;
906 2541 1058 2597 itaque
1090 2540 1128 2584 si
1158 2554 1313 2584 verum
1345 2541 1426 2595 est,
1460 2537 1578 2595 quod
1609 2538 1716 2581 mihi

90 2611 207 2653 certe
257 2609 525 2654 Niebuhrius
575 2612 809 2667 persuasit,
861 2610 1116 2655 Petronium
1168 2611 1331 2655 medio-
1358 2610 1535 2654 saeculo
1582 2610 1714 2653 tertio

89 2680 328 2738 scripsisse,
370 2681 447 2725 vix
478 2681 670 2725 dubitari
699 2684 863 2739 potest,
900 2683 1006 2740 quin
1038 2685 1085 2726 et
1115 2682 1409 2726 Terentianus
1441 2684 1486 2725 et
1516 2680 1579 2724 illi
1609 2681 1717 2724 novi

90 2753 249 2808 poetae
282 2752 395 2795 circa
423 2752 558 2796 finem
590 2752 789 2796 eiusdem
821 2754 986 2797 saeculi
1016 2754 1244 2797 vixerint.“

207 2822 308 2866 Una
338 2837 394 2866 ex
423 2825 549 2880 parte
580 2823 856 2868 Lachmanni
887 2824 1213 2880 argumentatio
1245 2823 1553 2868 labefactatur.
1603 2823 1720 2866 Nam

208 2966 238 3015 1)
273 2968 327 3008 Cf.
350 2968 514 3013 Santen,
547 2970 671 3018 praef.
703 2982 737 3019 p.
761 2970 809 3008 V.
