1936 3366
909 238 1206 283 -40-

227 370 270 399 ν.
293 355 379 400 529
411 357 513 399 ἰῶτα
547 357 645 413 quis
677 357 716 400 si
745 357 1032 414 praelocetur,
1065 360 1156 403 tres
1186 359 1390 404 videmus
1421 360 1619 416 voculas,

227 441 269 469 v.
292 427 378 471 643
411 427 476 482 (U)
519 428 647 472 alteri
683 443 780 472 cum
813 429 1093 486 praelocatur
1124 433 1244 486 (nam
1273 431 1384 476 facit
1414 432 1539 476 ‘vita'
1572 435 1617 477 et
1648 432 1863 491 ‘valens')‚

407 498 635 543 sordidum
668 500 878 557 quiddam
910 500 1110 546 videmur
1141 502 1449 561 absonumque
1481 503 1724 549 excludere.

344 581 542 626 Verbum
581 588 804 636 praelocare
847 584 919 628 hic
965 585 1189 640 significat
1238 600 1374 641 „vorn
1415 587 1695 632 hinstellen“.
1767 587 1863 643 Quo

225 667 363 697 sensu
394 654 621 699 invenitur
651 655 769 713 apud
791 656 830 699 A
845 670 873 699 u
886 657 1098 712 gustin.
1121 657 1174 700 de
1206 671 1303 713 gen.
1325 657 1383 702 ad
1413 657 1498 702 litt.
1519 658 1600 702 VH
1618 660 1672 702 17
1704 663 1865 713 exeeptis

227 729 392 768 sensibus
418 729 580 776 videndi,
613 730 802 777 audiemli,
836 731 1049 781 olfaciendi,
1077 732 1263 783 qustandi,
1297 734 1363 783 qui
1381 733 1424 772 in
1443 734 1523 773 sola
1542 734 1642 782 facie
1654 734 1867 784 praelocati

225 803 320 841 sunt.
372 796 528 842 Mart.
551 797 760 856 Capell.
782 799 823 842 V
839 800 926 844 522
948 803 993 850 fit
1012 788 1314 853 aatanpessima
1335 805 1515 857 clausula,
1546 806 1672 855 sipro
1693 806 1863 846 trochaeo

214 872 448 921 paenultima
477 873 679 922 spondeum
701 874 991 923 praelocaveris.

932 1039 1154 1078 scandere.

225 1124 267 1153 v.
319 1110 406 1153 547
439 1110 694 1154 scandimus
726 1111 764 1154 si
796 1110 975 1168 quando
1008 1126 1186 1156 versum
1219 1112 1416 1170 quolibet
1445 1115 1586 1157 metro
1614 1112 1787 1172 datum.

223 1196 265 1224 v.
290 1182 404 1225 1339
436 1183 529 1225 una
559 1183 629 1226 vis
660 1183 777 1240 quod
810 1183 1084 1241 syllabarum
1116 1187 1198 1237 est,
1232 1184 1410 1242 quando
1442 1185 1571 1229 binos
1593 1184 1859 1230 scandimus.

222 1267 263 1297 v.
289 1253 402 1297 1753
436 1253 668 1298 Scandunt
687 1256 1032 1312 pentametrum,
1057 1255 1143 1299 duo
1161 1255 1253 1299 sint
1268 1256 1398 1313 quasi
1413 1258 1649 1311 commata,
1667 1256 1860 1315 quidam,

217 1339 259 1368 v.
282 1325 399 1368 2194
431 1325 687 1369 scandendo
719 1326 848 1370 binos
879 1326 997 1383 quod
1027 1326 1163 1384 pedes
1195 1327 1518 1383 coniungimus,

223 1412 264 1441 v.
287 1397 403 1440 2248
435 1399 486 1440 at
515 1397 601 1441 iste
633 1397 762 1442 binos
794 1398 1032 1456 scanditur,
1067 1413 1251 1443 causam
1282 1399 1461 1457 loquar.⁴

221 1483 262 1512 v.
286 1469 404 1513 2253
435 1468 689 1513 scandendo
722 1472 768 1513 et
798 1469 885 1513 illic
915 1484 1078 1527 ponere
1110 1469 1345 1515 adsuetam
1376 1485 1558 1527 moram,

221 1555 263 1583 v.
286 1541 402 1584 2305
434 1540 514 1584 sed
545 1542 650 1598 quia
680 1541 912 1586 trochaeos
943 1544 1175 1599 tamquam
1205 1542 1379 1587 iambos
1411 1543 1677 1599 scandimus,

220 1626 261 1655 v.
285 1613 402 1656 2404
433 1612 513 1656 sed
544 1613 650 1670 quia
680 1613 859 1670 iugatos
892 1613 1148 1658 scandimus
1178 1614 1314 1672 pedes
1345 1615 1468 1659 istos,

338 1699 525 1739 Scandere
555 1697 582 1741 i.
601 1711 639 1754 q.
670 1700 789 1749 ferire
808 1697 980 1742 habent
999 1698 1289 1756 grammatici,
1312 1699 1616 1744 Diomedes
1638 1699 1686 1743 in
1705 1700 1778 1745 lib.
1798 1700 1858 1744 111

220 1769 270 1812 et
299 1767 648 1813 Priscianus
678 1769 725 1813 in
756 1769 869 1813 lib.I
902 1771 948 1813 et
977 1769 1016 1812 Π
1052 1771 1135 1814 etc.
1195 1770 1435 1815 Praeterea
1474 1771 1659 1815 verbum
1701 1771 1856 1817 eodem

214 1854 352 1883 sensu
394 1839 631 1884 adhibetur
671 1854 700 1884 a
741 1840 1063 1885 Claudiano
1107 1855 1237 1885 carm.
1279 1841 1551 1886 min.XIII2
1594 1846 1647 1900 (p.
1670 1844 1757 1887 292
1788 1843 1855 1888 ed.

218 1911 344 1966 Birt„
393 1914 496 1965 Quae
532 1915 600 1954 libi
635 1928 718 1955 cum
750 1916 908 1966 pedibus
935 1915 1066 1956 ratio?
1118 1916 1218 1967 Quid
1259 1917 1430 1957 carmina
1467 1916 1622 1967 culpas?
1671 1917 1857 1959 Scandere

218 1987 282 2036 qui
311 1987 439 2033 nescis,
472 1987 673 2027 versiculos
703 1988 855 2027 laceras.
910 2042 914 2050 Ι

333 2066 533 2111 Alicuius
556 2070 709 2112 autem
727 2069 945 2117 ,momenti
966 2069 1073 2112 mihi
1094 2068 1271 2113 videtur
1291 2083 1403 2124 esse,
1425 2069 1543 2126 quod
1561 2071 1854 2128 compositum

219 2138 353 2182 huius
384 2139 510 2183 verbi
540 2143 749 2182 descindere
780 2139 935 2184 eodem
965 2154 1102 2184 sensu
1134 2143 1203 2194 (=
1221 2140 1500 2196 skandieren)
1531 2141 1786 2186 invenimus
1806 2143 1853 2187 in

221 2211 506 2268 inscriptione
548 2211 715 2255 saeculi
755 2226 794 2269 p.
822 2211 917 2256 Chr.
944 2226 985 2255 n.
1017 2212 1148 2256 tertii.
1211 2212 1334 2266 Quae
1374 2213 1601 2270 inscriptio
1633 2227 1673 2257 a.
1695 2214 1781 2258 218
1812 2228 1852 2272 p.

219 2282 314 2326 chr.
335 2296 377 2325 n.
410 2285 598 2327 exarata
639 2285 791 2326 exstat
826 2284 872 2327 in
909 2284 1021 2327 actis
1052 2283 1243 2328 fratrum
1274 2283 1503 2328 arvalium.
1564 2283 1715 2329 Verba
1745 2289 1854 2330 sunt

215 2354 328 2398 haec
376 2354 431 2408 (C.
453 2357 487 2399 I.
508 2354 554 2398 L.
579 2355 665 2399 vol.
687 2355 747 2399 VI
785 2355 866 2412 p.I
897 2369 965 2413 pg.
987 2356 1074 2399 569
1115 2370 1178 2400 nr.
1207 2357 1358 2411 2104):
1409 2359 1464 2398 ibi
1501 2359 1707 2399 sacerdotes
1747 2360 1850 2409 clusi,

219 2429 409 2478 succincti,
441 2429 573 2485 libellis
603 2429 774 2480 acceptis,
808 2441 958 2469 carmen
987 2430 1234 2470 descindentes
1253 2431 1539 2480 tripodavemnt
1556 2432 1597 2470 in
1617 2431 1731 2470 verba
1749 2431 1848 2471 haec.

217 2497 446 2541 Vertenda
492 2500 599 2541 sunt
639 2498 779 2542 verba
820 2513 969 2541 carmen
1009 2502 1256 2542 desc-indentes
1299 2498 1474 2556 „indem
1516 2499 1579 2543 sie
1621 2499 1701 2543 das
1741 2499 1851 2545 Lied

217 2568 510 2614 skandieren“
545 2570 572 2614 i.
594 2584 630 2614 e.
661 2584 738 2627 per
769 2584 873 2614 suos
904 2570 1041 2628 pedes
1072 2571 1227 2615 metiri.
1279 2570 1374 2624 Quo
1401 2569 1530 2615 modo
1554 2571 1692 2615 verba
1710 2571 1849 2616 inter-

215 2640 433 2697 pretanda
465 2655 563 2685 esse
586 2641 664 2686 Th.
686 2641 782 2685 Birt
813 2642 962 2686 docuit
982 2642 1027 2686 in
1048 2642 1256 2697 Roscher‚
1289 2641 1627 2686 Ausffihrliches
1647 2642 1850 2688 Lexikon

217 2712 293 2755 der
334 2712 645 2757 Grieehischen
692 2713 784 2756 und
829 2713 1098 2758 Romischen
1142 2713 1413 2772 Mythologie
1454 2713 1581 2758 vol.I
1621 2713 1777 2772 (Leipz.
1808 2728 1848 2759 a.

221 2784 426 2841 1884s90)
449 2799 482 2829 s.
500 2799 540 2829 v.
564 2785 659 2829 Dea
681 2784 754 2829 dia
773 2799 813 2842 p.
830 2786 938 2830 973:
965 2785 1070 2842 „Die
1088 2785 1254 2829 Brfider
1275 2785 1490 2829 schin-zen
1507 2784 1577 2829 die
1592 2785 1846 2840 Praetexta,

213 2854 404 2899 nehmen
445 2856 726 2900 Textbficher
772 2856 933 2912 (libelli)
980 2858 1026 2900 in
1067 2856 1138 2900 die
1179 2856 1338 2900 Hande
1381 2857 1472 2900 und
1518 2856 1744 2915 stampfen
1786 2857 1847 2901 im

215 2925 478 2971 Dreischritt
511 2927 871 2986 (tripodaverunt)
904 2943 959 2972 zu
991 2927 1077 2972 den
1098 2928 1285 2972 Worten
1318 2928 1440 2971 eines
1471 2926 1846 2984 altehrwfirdigen
