1936 3366
743 274 1039 317 -25-

195 392 275 436 AU
307 394 459 436 tamen
492 406 649 449 capere
680 391 858 436 videtur
887 406 1021 450 saepe
1052 391 1315 450 productum
1346 406 1518 448 sonum,

195 464 470 521 auspices
505 477 606 507 cum
638 463 734 507 dico
766 465 812 507 et
840 477 1065 519 aurum,
1099 464 1194 508 sive
1216 463 1411 508 Graecus
1432 465 1592 519 αὔριον.

196 534 308 578 mira
338 549 421 578 nec
451 534 654 592 putanda
684 535 813 578 nobis
844 534 948 578 talis
981 534 1218 579 alternatio
1250 537 1330 590 est,

196 605 437 649 dichronon
473 605 591 663 quod
622 608 737 662 ἄλφα
767 609 924 650 notum
957 607 1040 660 est,
1083 607 1198 650 sicut
1227 607 1268 649 A
1298 606 1592 660 nostratibus;
1633 650 1636 652 .

75 677 162 720 485
194 676 298 720 inde
331 691 610 721 communem
641 678 866 721 ministrat
897 677 993 721 sola
1024 677 1293 735 dipthongus
1325 691 1496 721 sonum.
1564 716 1586 725 ,,

196 748 273 791 EU
303 750 458 792 manet
489 750 704 805 correpta,
737 762 910 806 semper
940 750 1010 792 est
1031 748 1150 806 quod
1170 767 1190 792 ε
1211 763 1418 804 graecum
1438 748 1590 792 breve:

192 819 351 863 litteris
382 826 419 861 et
444 819 480 862 E
511 819 665 863 latinis
696 834 830 877 saepe
863 834 963 863 cum
995 820 1055 863 sit
1085 819 1330 875 dichronos‚

193 890 317 935 facta
348 890 646 948 diphthongos
677 891 879 948 nequibit
910 905 1008 935 esse
1039 890 1240 948 producti
1271 891 1381 947 soni,

192 976 277 1006 nec
306 963 443 1019 pedes
473 963 631 1006 idcirco
662 962 843 1006 fraudat
873 965 1123 1020 temporum
1153 963 1272 1006 iusto
1304 962 1446 1007 modo.

71 1046 167 1090 Iam
217 1045 383 1089 Birtius
439 1046 486 1089 in
542 1046 654 1089 libro
709 1046 904 1103 „Sprach
960 1060 1065 1090 man
1121 1060 1279 1090 avrum
1331 1045 1436 1089 oder
1487 1059 1645 1089 aurum
1656 1045 1706 1088 ?“

72 1117 183 1161 Mus.
216 1117 358 1161 Rhen.
390 1117 530 1175 suppl.
563 1118 619 1161 52
663 1120 715 1171 (a.
750 1118 877 1171 1897)
919 1132 959 1174 p.
989 1118 1072 1161 101
1095 1132 1187 1175 sqq.
1231 1117 1377 1161 fusius
1422 1117 1505 1160 hos
1550 1130 1709 1160 versus

72 1189 298 1232 tractavit.
347 1189 642 1232 Terentianus
675 1189 793 1232 enim
815 1188 1092 1246 dipthongos,
1128 1203 1242 1246 quae
1274 1203 1375 1232 cum
1395 1204 1420 1230 u
1438 1188 1708 1245 compositae

73 1261 194 1316 sunt,
226 1259 449 1304 interdum
480 1260 675 1304 breviter
704 1260 1017 1317 pronuntiatas
1050 1275 1149 1304 esse
1177 1259 1415 1304 contendit.
1468 1259 1566 1312 Qua
1587 1258 1640 1302 de
1661 1273 1708 1303 re

74 1330 194 1388 apud
226 1331 398 1375 nullum
429 1331 567 1375 alium
596 1332 852 1388 scriptorem
873 1331 1033 1375 similia
1052 1332 1305 1375 invenimus
1327 1331 1542 1388 exposita.
1591 1330 1708 1374 Puto

75 1405 227 1446 autem
275 1403 544 1460 scriptorem,
593 1403 668 1460 qui
713 1403 795 1446 hos
836 1417 993 1446 versus
1036 1405 1199 1446 notatu
1241 1403 1397 1458 dignos
1439 1402 1708 1459 conscripsit,

74 1474 316 1531 posteriore
349 1476 501 1518 aetate
531 1474 708 1518 vixisse.
761 1474 807 1518 Si
839 1475 957 1518 enim
979 1488 1136 1518 verum
1159 1476 1241 1528 est,
1275 1474 1391 1531 quod
1412 1473 1707 1517 Terentianus
1751 1474 1754 1475 ’

76 1545 205 1589 docet
235 1546 282 1588 in
313 1551 436 1588 autem
466 1545 667 1589 vocalem
688 1562 712 1587 a
733 1546 1042 1590 abbreviatam
1065 1559 1175 1601 esse,
1208 1546 1254 1588 in
1275 1561 1412 1587 aurum
1432 1544 1706 1602 productam,

72 1616 116 1659 id
150 1616 207 1660 ad
231 1617 440 1661 Varronis
472 1619 553 1660 aut
574 1616 631 1660 ad
652 1617 848 1660 Terentii
869 1617 1022 1661 Scauri
1043 1619 1244 1674 tempora
1263 1616 1425 1660 referre
1447 1616 1523 1660 vix
1545 1616 1707 1672 ausim3

75 1687 155 1732 sed
176 1690 271 1732 veri
292 1688 477 1732 similius
500 1703 598 1732 esse
615 1689 803 1732 arbitror
817 1688 1020 1732 inferiore
1038 1687 1216 1732 demum
1233 1690 1385 1732 aetate
1400 1688 1483 1731 has
1499 1687 1707 1743 vulgares

73 1760 392 1816 pronuntiandi
424 1760 694 1804 differentias
727 1763 847 1804 ortas
880 1774 989 1804 esse.
1014 1796 1017 1797 γ

760 1915 944 1973 Caput
975 1915 1026 1958 V.

198 1999 286 2054 De
325 1999 428 2066 qui
463 2000 647 2054 dativi
684 2000 884 2054 forma
920 1999 1291 2067 pronominis
1330 1998 1581 2053 relativi.

189 2104 349 2149 Eximii
379 2120 505 2163 porro
536 2108 749 2150 momenti
780 2120 878 2150 esse
901 2105 1096 2162 dixerim,
1131 2119 1246 2162 quae
1267 2104 1476 2160 leguntur
1495 2105 1541 2147 in
1562 2104 1704 2148 versi-

70 2176 155 2220 bus
187 2177 273 2220 686
291 2191 382 2234 sqq.

189 2248 306 2292 hanc
339 2249 517 2293 brevem
548 2248 627 2293 sed
659 2251 765 2293 ante
796 2249 924 2293 nobis
955 2247 1274 2305 pervidendum
1306 2249 1376 2291 est
1406 2240 1625 2305 syllabam

190 2333 282 2364 una
314 2334 566 2364 consonans
598 2323 754 2363 secuta
785 2322 1009 2377 quatenus
1040 2319 1218 2375 longam
1250 2321 1382 2362 creet:

189 2391 288 2448 ipsa
318 2405 426 2435 nam
455 2391 528 2435 vel
560 2406 710 2436 secum
741 2392 905 2435 habere
938 2392 1260 2435 consonantem
1292 2389 1459 2443 debuit,

188 2461 262 2506 vel
292 2461 481 2506 duarum
511 2465 613 2520 post
643 2465 905 2520 sequentem
937 2462 1162 2506 sublevari
1192 2464 1400 2519 tempore.

72 2533 159 2576 690
190 2535 296 2577 ante
329 2533 445 2590 quod
474 2534 604 2577 nobis
636 2534 801 2592 liquere
831 2548 920 2577 non
954 2535 1117 2590 potest,
1151 2533 1190 2576 si
1219 2547 1309 2576 non
1340 2533 1473 2589 prius,

190 2618 440 2649 consonans
472 2620 587 2662 quae
618 2607 759 2663 prima
788 2606 835 2648 in
865 2606 955 2648 ista
986 2604 1161 2662 syllaba
1192 2604 1281 2648 cui
1312 2603 1518 2647 scribitur

191 2675 222 2718 C
253 2677 394 2731 magis
426 2676 499 2720 vel
530 2677 566 2731 Q
597 2677 743 2720 notari
775 2677 950 2732 debeat,
984 2675 1242 2733 dispexeris3

190 2748 367 2804 saepius
400 2748 505 2804 quia
536 2747 568 2791 C
598 2747 744 2791 locare
775 2747 974 2804 plurimis
1005 2747 1095 2790 iam
1127 2746 1259 2789 moris
1291 2747 1376 2788 est:

191 2818 254 2860 sic
286 2818 404 2861 enim
435 2821 640 2862 constare
671 2818 846 2876 poterit,
880 2832 903 2861 e
936 2817 1110 2860 duabus
1142 2830 1256 2873 quae
1287 2815 1429 2870 magis

71 2889 157 2931 695
188 2902 307 2931 nunc
336 2888 480 2932 locum
512 2889 678 2933 vocalis
708 2889 888 2944 habeat,
922 2888 960 2931 U
990 2888 1106 2945 prior
1135 2886 1210 2931 vel
1240 2886 1260 2929 I
1290 2900 1493 2944 sequens.

191 2973 384 3017 namque
416 2960 454 3003 si
486 2960 521 3013 Q
551 2960 812 3017 proferatur,
846 2959 1045 3017 syllabae
1076 2958 1191 3001 fient
1222 2958 1350 3012 duae,
