1936 3366
750 893 825 921 Non
852 899 905 921 ero
932 892 1032 921 stulte
1058 898 1250 927 repuqnans
1274 892 1336 920 aut
1360 898 1479 920 amans
1502 898 1606 927 prave
1630 898 1711 927 mea,

751 940 833 975 quin
851 939 965 969 statim
984 939 1149 975 culpanda
1166 938 1274 968 delens
1287 939 1464 974 praebeam
1481 939 1578 968 rectis
1597 938 1712 968 locwm.

1218 986 1437 1015 Terentianus
1456 985 1590 1015 Maurus
1602 995 1635 1015 v.
1648 986 1712 1015 325.

200 1081 273 1158 In
321 1114 526 1158 omnibus
572 1114 821 1157 litterarum
868 1113 1063 1157 historiis
1103 1113 1405 1157 Romanarum
1446 1112 1670 1156 hodiernis
1684 1114 1711 1166 ¹)

76 1186 514 1241 Terentianum,
551 1185 615 1229 rei
644 1185 862 1229 metricae·
886 1184 1248 1239 versificatorem,
1282 1184 1461 1228 saeculo
1492 1198 1533 1241 p.
1555 1183 1650 1228 Ghr.
1671 1197 1713 1227 n.

75 1257 270 1302 secundo
300 1256 440 1301 fuisse
472 1259 607 1314 atque
639 1257 725 1300 hac
756 1259 907 1300 aetate
938 1256 1072 1300 libros
1105 1270 1210 1299 suos
1241 1259 1302 1298 De
1333 1258 1468 1298 litteris
1497 1258 1652 1308 syllabis
1681 1261 1717 1297 et

75 1333 204 1372 metris
232 1330 423 1384 Hor-alifi)
457 1329 756 1386 composuisse
789 1329 1001 1385 scriptum
1030 1327 1229 1383 legimus.
1282 1328 1405 1382 Quae
1437 1327 1583 1385 opinio
1616 1329 1715 1371 orta

77 1403 147 1444 est
193 1402 238 1444 et
284 1399 487 1444 stabilita
531 1400 724 1444 maxime
772 1399 1236 1454 commentationibus,
1284 1413 1396 1456 quas
1444 1399 1715 1456 scripserunt

76 1471 413 1516 Gerhardus
446 1470 686 1515 Schultz
716 1471 763 1514 in
794 1470 986 1514 Hermae
1019 1470 1104 1514 vol.
1125 1470 1248 1514 XXII
1281 1471 1423 1525 (1887)
1455 1485 1494 1528 p.
1517 1470 1603 1514 275
1620 1484 1714 1527 sqq.

76 1545 213 1600 atque
233 1544 273 1586 A
287 1542 513 1586 lfred-us
533 1542 730 1586 Werth
761 1542 814 1586 in.
829 1541 1042 1586 Fleckeis.
1063 1541 1211 1586 annal.
1233 1541 1373 1599 suppl.
1395 1541 1536 1585 XXIII
1567 1541 1712 1596 (1897)

75 1629 116 1672 p.
150 1615 234 1658 121
257 1629 350 1671 sqq.
395 1614 485 1671 „De
526 1614 781 1658 Terentiani
828 1627 1029 1657 sermone
1076 1615 1121 1657 et
1168 1615 1346 1657 aetate“
1392 1615 1438 1657 et
1477 1613 1523 1656 in
1564 1612 1713 1656 libello

80 1686 171 1742 „De
189 1686 445 1729 Terentiani
465 1686 617 1729 metris
640 1689 686 1729 et
708 1685 981 1729 elocutione“
1007 1700 1045 1729 a.
1067 1686 1181 1728 1897
1198 1684 1442 1729 Mfilheimii
1459 1684 1590 1740 edito,
1613 1698 1714 1727 cum

77 1759 216 1801 antea
249 1757 476 1801 sententia
497 1756 685 1800 Caroli
705 1757 1058 1808 Lachmann,
1090 1758 1164 1813 qui
1186 1756 1504 1800 Terentianum
1536 1755 1713 1799 saeculo

75 1842 115 1885 p.
140 1828 234 1872 Chr.
255 1843 299 1872 n.
340 1829 472 1872 tertio
514 1828 730 1883 attribuit,
772 1828 975 1883 viguerit.
1049 1827 1137 1871 Sed
1179 1827 1323 1885 opinio
1365 1826 1495 1871 hodie
1536 1829 1715 1885 recepta

75 1914 167 1943 non
209 1899 415 1943 omnibus
456 1899 561 1943 viris
603 1898 758 1955 doctis,
802 1900 878 1956 qui
917 1899 1020 1943 huic
1059 1899 1123 1942 rei
1162 1898 1502 1955 investigandae
1535 1912 1714 1956 operam

77 1970 308 2026 dederunt,
351 1971 508 2014 arrisit.
569 1970 716 2014 Etiam
757 1969 888 2014 hodie
930 1972 1050 2025 sunt,
1093 1971 1168 2028 qui
1209 1971 1479 2014 sententiam
1511 1984 1539 2013 a
1570 1969 1713 2013 Lach-

75 2056 258 2097 mann0‚
290 2042 385 2086 viro
417 2042 716 2097 sagacissimo,
757 2041 976 2099 prolatam
1010 2040 1264 2086 defendant.
1326 2041 1420 2095 Quo
1452 2043 1498 2084 in
1529 2055 1713 2084 numero

77 2117 148 2159 est
168 2111 503 2158 Theodorus
525 2113 667 2169 Birt,
700 2115 770 2157 cui
791 2113 1108 2157 Terentianum
1140 2113 1318 2157 saeculo
1340 2128 1380 2170 p.
1402 2113 1497 2156 Chr.
1519 2127 1560 2156 n.
1581 2113 1712 2156 tertio

76 2186 215 2229 fuisse
260 2199 524 2243 persuasum
570 2187 657 2242 est3
703 2185 779 2242 qui
824 2186 871 2228 in
916 2184 1027 2228 libro
1074 2198 1239 2240 magna
1285 2198 1386 2228 cum
1427 2183 1628 2228 doctrina
1668 2186 1714 2227 et

76 2256 328 2301 subtilitate
361 2257 603 2313 composito
639 2256 752 2313 „Der
777 2257 886 2300 Hiat
914 2256 988 2300 bei
1007 2256 1197 2300 Plautus
1228 2255 1319 2299 und
1352 2255 1421 2299 die
1452 2255 1712 2299 lateinische

77 2328 334 2386 Aspiration
373 2328 442 2371 bis
483 2342 584 2371 zum
613 2327 666 2372 X.
688 2327 788 2373 Jhd.
809 2342 851 2371 n.
874 2327 996 2371 Ghr.“
1030 2327 1196 2382 Marbg.
1229 2328 1371 2382 (1901)
1413 2341 1453 2384 p.
1476 2328 1545 2382 97,
1586 2329 1712 2384 post-

77 2413 213 2456 quam
244 2399 500 2456 scriptorem
529 2402 554 2441 h
583 2399 779 2444 litteram
810 2399 1097 2443 consonantis
1127 2398 1224 2443 loco
1255 2412 1495 2456 usurpasse
1528 2398 1712 2441 demon—

77 2471 257 2526 stravit,
315 2470 428 2514 haec
477 2470 616 2514 verba
666 2470 721 2514 de
773 2470 1026 2514 Terentiani
1078 2472 1229 2514 aetate
1279 2469 1408 2513 facit:
1474 2468 1604 2525 „Man
1654 2469 1714 2512 ist

77 2541 341 2597 neuerdings
392 2542 581 2597 geneigt,
639 2542 936 2586 Terentianus
988 2541 1088 2592 dem
1140 2542 1178 2585 2.
1219 2541 1318 2584 Jhd.
1370 2539 1712 2598 zuzusprechen3

78 2613 223 2656 dieser
251 2613 422 2656 Ansatz
463 2616 583 2657 ware
624 2613 707 2656 mir
746 2613 871 2657 nicht
911 2613 1290 2667 unwillkommen,
1333 2611 1467 2655 leidet
1505 2611 1612 2655 aber
1643 2610 1732 2655 die.

199 2745 230 2798 1)
262 2747 325 2786 W.
354 2748 393 2786 S.
415 2748 587 2793 Teuffel,
631 2748 775 2786 Gesch.
807 2748 876 2786 der
920 2750 1017 2787 rom.
1048 2747 1123 2785 Lit.
1160 2744 1297 2784 18905
1338 2743 1469 2798 §373
1488 2758 1514 2783 a
1554 2758 1592 2795 p.
1614 2745 1712 2784 945.

79 2806 122 2846 O.
143 2806 333 2852 Ribbeck,
368 2807 511 2846 Gesch.
533 2808 602 2845 der
622 2810 718 2846 rom.
739 2807 953 2856 Dichtung.
990 2807 1100 2845 1892
1123 2806 1177 2844 III
1198 2818 1235 2855 p.
1259 2805 1342 2843 323
1362 2817 1421 2855 sq.
1468 2805 1517 2844 M.
1541 2805 1709 2849 Schanz,

80 2866 223 2904 Gesch.
246 2865 314 2903 der
343 2868 438 2905 rom.
460 2867 534 2907 Lit.
554 2867 656 2912 VIII,
676 2865 701 2904 3
735 2864 897 2918 (1905‘2)
930 2879 967 2916 p.
990 2866 1044 2904 25
1064 2877 1124 2915 sq.

200 2923 229 2976 ²)
262 2925 320 2962 De
351 2926 483 2975 operis
515 2926 731 2976 partitione
763 2925 1030 2964 conferendus
1063 2926 1126 2963 est
1156 2924 1303 2962 Theod.
1326 2923 1422 2969 Birt,
1469 2924 1542 2962 das
1575 2924 1712 2962 antike

80 2984 345 3029 Buchwesen,
379 2984 478 3024 Berl.
506 2985 615 3023 1882
648 2997 685 3035 p.
709 2985 805 3023 381.
